2670 4456
548 274 668 329 LIBER
685 275 735 330 VI·
1083 287 1144 345 117

136 469 330 530 multitudine
349 469 557 546 jumentorum
579 476 671 545 etque
693 470 848 529 hominum
876 473 1143 549 consumebantur,

138 555 302 615 sedetiam
319 556 391 614 anni
406 562 544 632 tempore
562 562 653 631 atque
671 555 819 614 imbribus
838 559 1073 634 procubuerant,
1096 565 1141 633 ut,

138 641 165 702 si
188 641 239 716 qui
261 641 352 699 etiam
373 641 406 699 in
427 641 593 719 praesentia
616 660 650 699 se
672 642 887 717 occultassent,
911 651 1013 702 tamen
1035 643 1074 702 iis
1092 644 1143 704 de-

138 727 231 786 ducto
260 726 396 785 exercitu
427 746 528 784 rerum
557 727 687 785 omnium
714 726 817 805 inopia
843 728 1032 806 pereundum
1060 729 1144 789 vide·

137 820 229 871 retur.
274 811 322 870 Ac
356 830 439 889 saepe
472 812 503 869 in
537 830 606 870 eum
638 811 739 870 locum
771 819 897 872 ventum
931 822 979 874 est
1005 822 1091 874 tento
1113 816 1146 873 in

139 916 243 956 omnes
276 903 380 975 partes
415 896 514 955 diviso
548 897 695 972 equitatu,
730 905 764 956 ut
796 898 886 957 modo
919 900 1020 959 visum
1050 902 1088 959 ab
1112 921 1145 960 se

137 981 345 1059 Ambiorigem
373 982 406 1039 in
433 981 509 1058 fuga
537 983 807 1061 circumspicerent
835 985 948 1062 captivi
975 1005 1033 1045 nec
1055 986 1145 1063 plene

137 1068 228 1127 etiam
250 1068 352 1126 abisse
375 1087 413 1125 ex
435 1075 601 1145 conspectu
624 1068 858 1143 contenderent,
887 1077 922 1128 ut
949 1090 1004 1147 spe
1033 1090 1139 1130 conse-

138 1153 251 1229 quendi
272 1153 358 1212 illata
380 1159 471 1228 etque
493 1152 610 1212 infinito
632 1154 738 1213 labore
761 1161 914 1232 suscepto,
925 1156 990 1231 'qui
1013 1175 1047 1216 se
1064 1175 1145 1215 sum-

136 1259 217 1297 mam
239 1238 277 1297 ab
302 1237 424 1297 Oaesare
435 1239 565 1315 gratiam
586 1239 715 1298 inituros
733 1247 886 1318 putarent,
905 1261 994 1319 peene
1005 1250 1145 1300 naturam

138 1323 240 1383 studio
268 1324 441 1399 vincerent,
476 1345 658 1402 semperque
685 1326 811 1402 paulum
839 1325 878 1384 ed
907 1346 1056 1386 summam
1078 1325 1144 1387 feli·

139 1410 261 1470 citatem
285 1408 421 1468 debuisse
444 1410 608 1484 videretur,
632 1418 724 1486 atque
747 1411 798 1470 1116
810 1412 937 1471 latebris
950 1422 1003 1472 eut
1015 1413 1144 1473 saltibus

142 1515 177 1554 se
200 1495 333 1573 eriperet
355 1501 386 1554 et
407 1503 500 1554 noctu
523 1497 694 1555 occultatus
717 1496 793 1555 alias
816 1498 957 1574 regiones
980 1506 1145 1577 partesque

136 1587 256 1659 peteret
283 1600 344 1639 non
371 1581 487 1657 majore
521 1582 657 1656 equitum
689 1583 833 1659 praesidio
868 1603 958 1658 quam
992 1592 1145 1660 quattuor,

141 1665 252 1743 quibus
275 1665 350 1725 solis
372 1666 467 1725 vitam
490 1685 576 1726 suem
599 1668 787 1726 committere
811 1667 952 1727 audebat.

223 1751 340 1810 XLIV.
387 1751 454 1810 Tali
487 1752 576 1810 modo
610 1753 740 1812 vastatis
769 1753 945 1830 regionibus
980 1755 1144 1813 exercitum

140 1835 244 1895 Oaesar
272 1836 401 1894 duarum
429 1838 598 1896 cohortium
627 1838 736 1896 damno
764 1838 1005 1898 Durocortorum
1034 1840 1144 1898 Remo-

138 1942 205 1980 rum
227 1920 357 1997 reducit,
392 1923 580 1999 coucilioque
613 1924 646 1982 in
674 1943 743 1982 eum
770 1925 871 1983 locum
895 1923 1003 1983 Gelliee
1030 1925 1145 1985 indicto

138 2006 177 2065 de
199 2005 409 2082 conjuratione
432 2007 586 2067 Senonum
615 2016 645 2068 et
669 2009 836 2068 Cornutum
864 2011 1065 2086 quaestionem
1091 2012 1144 2070 he-

137 2093 211 2150 bere
233 2092 375 2167 instituit,
407 2099 438 2151 et
460 2093 498 2153 de
520 2095 660 2169 Accone,
690 2095 742 2170 qui
768 2097 913 2173 princeps
936 2095 1004 2172 ejus
1028 2098 1146 2157 consilii

138 2175 248 2252 iceret,
282 2178 423 2254 graviore
457 2181 607 2239 sententia
640 2181 836 2257 pronuntiate
874 2201 958 2240 more
996 2181 1146 2258 majorum

140 2262 324 2340 supplicium
347 2264 486 2340 sumpsit.
538 2265 685 2323 Nonnulli
709 2264 860 2341 judicium
888 2267 978 2324 veriti
1000 2265 1144 2343 profuge-

137 2356 223 2424 runt,
248 2348 358 2423 quibus
381 2369 475 2424 quum
498 2370 577 2426 aqua
599 2357 691 2425 atque
719 2351 783 2426 igni
809 2350 1034 2426 interdixisset,
1069 2352 1145 2410 dues

139 2433 276 2510 legiones
299 2433 338 2491 ed
360 2433 436 2493 fines
459 2435 669 2509 Trevirorum,
701 2434 779 2493 duas
806 2435 839 2493 in
860 2435 1067 2512 Lingonibus,
1091 2455 1146 2495 sex

138 2519 271 2595 reliquas
293 2519 325 2576 in
349 2518 502 2578 Senonum
523 2519 635 2579 finibus
657 2520 811 2596 Agedinci
838 2521 871 2579 in
892 2520 1029 2581 hibernis
1053 2521 1144 2581 collo-

142 2605 232 2678 cavit,
262 2603 477 2681 frumentoque
506 2606 652 2664 exercitui
683 2605 817 2683 proviso,
846 2613 882 2664 ut
908 2607 1092 2683 institueret,
1114 2609 1146 2666 in

136 2689 260 2748 Italiam
282 2688 322 2747 ad
345 2698 512 2750 conventus
535 2691 671 2768 agendos
693 2689 852 2769 profectus
874 2700 931 2751 est.
