2670 4456
175 259 236 319 174
499 251 552 305 uu
569 248 697 305 anano
717 248 887 306 ammon

174 448 323 508 Oamutes
356 447 502 522 venisset,
537 467 664 523 quorum
696 447 728 506 in
761 448 885 507 civitate
908 445 1065 524 superiore
1094 467 1175 506 com-

171 534 320 594 mentario
333 532 437 592 Caesar
460 533 601 611 exposuit
623 533 742 592 initium
763 532 837 591 belli
859 552 928 593 esse
952 538 1060 608 ortum,
1090 534 1173 608 quod

172 619 326 699 praecipue
348 639 401 679 eos
423 627 548 697 propter
570 619 787 678 conscientiam
809 617 885 678 facti
908 619 1016 677 timere
1039 619 1175 678 animad-

172 707 323 780 vertebat,
346 725 405 781 quo
429 705 558 765 celerius
581 706 737 765 civitatem
764 713 847 765 metu
877 705 1035 780 liberaret,
1063 705 1176 782 prinoi-

172 812 243 870 pem
265 791 389 851 sceleris
411 791 494 850 illius
522 799 553 850 et
580 792 798 851 concitatorem
825 790 899 850 belli
928 790 1113 849 Gutruatum
1137 791 1177 851 ad

173 876 356 956 supplicium
383 877 577 956 depoposcit3
609 878 661 953 qui
692 878 750 937 etsi
772 897 811 936 ne
834 877 953 937 civibus
976 876 1099 952 quidem
1111 878 1176 936 suis

174 983 208 1023 se
232 963 448 1038 committebat,
472 971 574 1022 tamen
603 964 743 1022 celeriter
771 963 903 1022 omnium
932 982 1005 1021 cura
1027 964 1177 1038 quaesitus

171 1051 203 1110 in
226 1058 327 1109 castra
348 1049 535 1127 perducitur.
582 1048 709 1126 Cogitur
729 1049 760 1107 in
784 1048 851 1126 ejus
873 1048 1057 1127 supplicium
1070 1047 1177 1108 Gaesar

174 1144 279 1194 eontra
309 1155 396 1195 suam
428 1142 569 1194 naturam
602 1154 753 1194 concursu
785 1135 915 1194 maximo
948 1133 1089 1210 militum,
1125 1136 1176 1211 qui

175 1222 274 1280 omnia
305 1221 443 1300 pericula
476 1229 507 1280 et
537 1220 720 1280 detrimenta
757 1221 830 1280 belli
860 1220 1012 1280 Gutruato
1047 1228 1177 1300 accepta

173 1307 357 1381 referebant,
387 1306 463 1365 adeo
491 1314 526 1365 ut
547 1308 727 1367 verberibus
755 1307 959 1367 exanimatum
988 1326 1099 1384 eorpus
1129 1327 1177 1367 se·

173 1394 238 1452 curi
260 1393 413 1452 feriretur.
1212 1398 1215 1403 '

257 1477 415 1537 XXXIX.
449 1479 499 1537 Ibi
521 1478 637 1538 crebris
653 1478 764 1537 litteris
777 1477 894 1538 Caninii
910 1477 946 1536 fit
962 1478 1083 1554 certior,
1107 1497 1176 1554 quae

173 1564 211 1624 de
233 1564 390 1642 Drappete
413 1571 444 1624 et
465 1558 612 1624 Lucterio
634 1571 724 1641 gesta
746 1572 863 1639 essent,
893 1583 1014 1640 quoque
1043 1565 1075 1623 in
1105 1585 1176 1624 eon-

173 1650 240 1710 silio
274 1658 488 1729 permanerent
522 1650 674 1728 oppidani.
728 1650 864 1722 Quorum
898 1651 956 1709 etsi
989 1649 1177 1728 paucitatem

174 1738 397 1813 contemnebat,
420 1745 524 1796 tamen
545 1737 746 1815 pertinaciam
768 1757 878 1813 magna
900 1756 992 1816 poena
1014 1755 1084 1796 esse
1107 1735 1175 1796 affi-

173 1822 310 1881 ciendam
340 1823 510 1898 judicabat,
543 1843 582 1881 ne
614 1823 759 1883 universa
792 1822 892 1882 Galba
924 1842 985 1881 non
1007 1822 1090 1883 vires
1114 1823 1175 1881 sibi

174 1907 311 1967 defiusse
334 1908 373 1967 ad
395 1909 600 1968 resistendum
612 1909 769 1984 Romanis,
793 1908 849 1968 sed
867 1909 1071 1968 constantiam
1088 1915 1177 1986 puta-

173 2001 230 2067 ret,
253 2013 331 2054 neve
353 1994 410 2053 hoc
433 1995 570 2073 exemplo
594 2002 704 2054 ceterae
734 1995 875 2055 civitates
902 1995 1038 2054 locorum
1067 2015 1177 2073 oppor-

173 2079 303 2138 tunitate
314 2078 403 2138 fretae
416 2099 449 2138 se
461 2080 652 2141 vindicarent
672 2081 704 2138 in
726 2080 910 2156 libertatem,
934 2101 1025 2156 quum
1037 2081 1178 2139 omnibus

175 2165 272 2224 Gallis
293 2174 399 2224 notum
422 2185 490 2225 esse
519 2167 611 2226 sciret
643 2166 791 2242 reliquam
824 2186 893 2226 esse
922 2187 1014 2225 unam
1037 2173 1178 2226 aestatem

174 2271 238 2311 suae
271 2252 446 2329 provinciae,
481 2273 571 2328 quam
604 2253 630 2311 si
653 2253 805 2311 sustinere
837 2253 1025 2330 potuissent,
1059 2253 1177 2311 nullum

173 2338 254 2396 ultra
276 2338 445 2415 perieulum
467 2346 653 2421 vererentur.
688 2339 798 2414 ltaque
821 2338 858 2410 Q.
878 2336 1024 2398 Galerium
1041 2339 1178 2415 legatum

175 2443 243 2482 cum
264 2423 436 2500 legionibus
459 2423 577 2484 duabus
599 2425 731 2500 reliquit,
761 2425 813 2500 qui
837 2424 933 2501 justis
961 2425 1121 2483 itineribus
1145 2444 1179 2484 se

177 2511 429 2584 subsequeretur3
464 2511 530 2588 ipse
565 2531 633 2570 curn
666 2511 747 2569 omni
780 2511 927 2586 equitatu,
963 2530 1053 2586 quarn
1075 2517 1180 2588 potest

176 2595 343 2671 celerrime,
368 2595 406 2654 ad
430 2595 587 2655 Caninium
609 2596 774 2656 contendit.

260 2681 329 2739 XL.
376 2680 479 2740 Caesar
513 2703 605 2758 quum
638 2690 744 2742 eontra
777 2682 1018 2759 expectationem
1047 2682 1180 2741 omnium
1251 2674 1255 2680 ’

174 2765 401 2825 Uxellodunum
437 2768 574 2827 venisset
612 2768 817 2846 oppidumque
858 2767 1001 2846 operibus
1040 2769 1178 2826 clausum

176 2850 432 2911 animadverteret
464 2873 563 2928 neque
596 2855 633 2914 ab
669 2853 893 2932 oppugnatione
927 2854 1030 2912 recedi
1059 2853 1180 2913 videret

176 2937 239 2995 ulla
272 2937 448 2997 condicione
488 2958 596 3016 posse,
632 2961 743 3017 magna
776 2947 878 2999 autem
913 2940 1001 3017 copia
1032 2938 1179 2998 frumenti

177 3022 333 3083 abundare
361 3023 530 3101 oppidanos
560 3046 597 3085 ex
624 3025 763 3104 perfugis
792 3034 970 3103 cognosset,
1000 3046 1079 3101 aqua
1107 3046 1179 3104 pro·

176 3109 281 3168 hibere
302 3109 421 3169 hostem
452 3117 571 3171 tentare
599 3112 700 3191 coepit.
750 3112 880 3171 Flumen
906 3111 1040 3171 infimam
1068 3111 1180 3171 vallem

177 3194 342 3271 dividebat,
376 3215 444 3271 quae
477 3205 576 3256 totum
597 3218 686 3276 paene
718 3204 850 3256 montem
874 3198 1025 3275 cingebat,
1059 3198 1091 3256 in
1119 3216 1179 3272 quo

177 3281 310 3358 positum
333 3289 399 3340 erat
418 3290 608 3361 praeruptum
629 3284 764 3360 undique
787 3283 931 3361 oppidum
942 3282 1178 3344 Uxellodunum.

177 3366 245 3424 Hoc
269 3373 406 3427 avertere
429 3369 488 3427 loci
509 3377 618 3429 natura
639 3370 834 3448 prohibebat;
858 3370 889 3428 in
906 3369 1017 3429 infimis
1037 3369 1116 3428 enim
1134 3369 1179 3428 sic

177 3451 332 3510 radicibus
355 3455 466 3513 montis
478 3455 643 3530 ferebatur,
660 3463 697 3514 ut
712 3456 827 3514 nullam
844 3456 876 3514 in
892 3463 1012 3534 partem
1023 3455 1178 3532 depressis

177 3538 272 3597 fossis
303 3538 434 3599 derivari
456 3549 571 3618 posset.
622 3542 698 3601 Erat
726 3548 827 3601 autem
855 3542 1015 3619 oppidanis
1044 3538 1179 3600 difficilis

178 3631 209 3683 et
229 3631 403 3702 praeruptus
426 3646 461 3684 eo
484 3625 660 3704 descensus,
684 3634 719 3686 ut
735 3627 966 3706 prohibentibus
981 3627 1096 3686 nostris
1113 3626 1179 3685 sine

177 3710 357 3770 vulneribus
385 3731 420 3769 ao
448 3712 583 3788 periculo
611 3713 684 3773 vitea
711 3733 810 3789 neque
834 3714 917 3773 adire
945 3712 1058 3772 flumen
1079 3731 1178 3788 neque

179 3795 273 3854 arduo
308 3815 341 3855 se
372 3797 509 3874 recipere
541 3806 669 3875 possent
701 3819 840 3858 ascensu.
897 3798 965 3871 Qua
998 3797 1180 3858 difficultate

179 3901 283 3940 eorum
313 3883 434 3958 cognita
462 3881 565 3942 Caesar
593 3885 760 3961 sagittariis
787 3884 1054 3961 funditoribusque
1077 3884 1179 3962 dispo*

179 3967 256 4041 sitis,
279 3968 437 4026 tormentis
467 3969 558 4028 etiam
580 3970 762 4046 quibusdam
785 3971 861 4029 loeis
890 3977 996 4031 contra
1017 3969 1179 4030 facillimos

179 4053 345 4112 descensus
369 4053 524 4114 collocatis
548 4075 625 4131 aqua
646 4055 778 4115 fluminis
792 4057 981 4134 *prohibebat
1000 4055 1178 4135 oppidanos.
