2670 4456
125 225 187 283 160
430 216 482 269 DE
501 215 627 271 BELLO
647 214 817 270 GALLICO

125 412 286 472 amicitiam
308 411 512 487 finitimasque
535 411 676 471 civitates
709 411 774 469 sine
802 411 865 469 ulla
887 431 978 489 poena
999 409 1122 470 dedisse

125 498 248 558 obsides
272 505 363 574 atque
384 500 415 557 in
438 496 529 558 fidem
551 508 691 575 receptas
714 517 793 571 esse,
816 497 898 556 idem
919 497 1067 556 fecerunt.

209 585 264 643 IV.
312 583 415 644 Caesar
436 584 582 644 militibus
605 605 660 661 pro
683 590 768 642 tanto
791 583 895 642 labore
912 604 947 642 ac
965 582 1123 660 patientia,

124 671 175 745 qui
199 671 387 729 brumalibus
411 671 528 745 diebus,
551 670 712 729 itineribus
735 667 932 744 difficillimis,
956 668 1124 746 frigoribus

127 755 326 815 intolerandis
360 756 583 816 studiosissime
616 763 847 834 permanserant
873 755 905 814 in
932 756 1046 828 labore,
1070 754 1124 812 du-

125 861 216 901 cenos
248 844 415 919 sestertios,
447 843 615 902 centurioni
643 842 691 901 bis
720 849 837 900 tantum
861 861 1016 900 nummum
1045 860 1123 918 prae-

125 927 172 987 dae
194 928 315 987 nomine
350 926 609 1001 [condonaturum]
643 928 813 1005 pollicetur,
842 927 1072 1003 legionibusque
1094 926 1125 984 in

123 1013 250 1072 hiberna
272 1015 407 1074 remissis
430 1016 497 1092 ipse
520 1035 553 1073 se
582 1014 691 1091 recipit
713 1012 761 1072 die
783 1013 852 1071 XL.
876 1013 1030 1071 Bibracte.
1076 1011 1126 1070 Ibi

125 1118 217 1173 quum
236 1099 289 1176 jus
323 1100 453 1176 diceret,
488 1101 643 1177 Bituriges
678 1099 717 1158 ad
750 1118 818 1157 eum
852 1100 970 1175 legatos
1002 1099 1127 1157 mittunt

125 1185 269 1244 auxilium
291 1187 419 1263 petitum
443 1195 548 1246 contra
574 1186 733 1259 Carnutes,
758 1205 834 1260 quos
856 1185 996 1244 intulisse
1013 1184 1126 1243 bellum

125 1271 183 1330 sibi
207 1273 418 1347 querebantur.
466 1272 587 1344 Quare
611 1272 741 1348 cognita,
766 1291 858 1346 quum
881 1270 947 1330 dies
974 1291 1036 1329 non
1064 1290 1125 1328 arn·

125 1357 206 1434 plius
239 1358 270 1416 X
304 1364 334 1417 et
367 1359 450 1417 VIII
472 1359 504 1417 in
524 1358 660 1416 hibernis
694 1364 777 1416 esset
809 1366 960 1431 moratus,
990 1356 1126 1433 legiones

124 1443 212 1501 XIV.
226 1450 257 1501 et
267 1444 324 1502 VI.
345 1464 382 1502 ex
404 1444 538 1503 hibernis
561 1445 599 1502 ab
617 1444 714 1502 Arare
737 1443 847 1518 educit,
872 1462 948 1518 quas
970 1442 1012 1501 ibi
1035 1441 1126 1501 collo-

128 1535 213 1587 catas
237 1529 424 1605 explicandae
447 1530 489 1588 rei
512 1529 719 1589 frumentariae
743 1548 837 1588 eausa
867 1529 1023 1607 superiore
1046 1548 1126 1586 com-

124 1614 272 1673 mentario
295 1614 533 1675 demonstratum
557 1623 613 1674 est.
648 1617 699 1674 Ita
722 1636 790 1674 cum
813 1615 932 1673 duabus
955 1613 1126 1691 legionibus

126 1699 166 1758 ad
187 1701 417 1777 persequendos
441 1701 590 1762 Carnutes
613 1701 825 1779 proficiscitur.

211 1787 248 1844 V.
297 1787 396 1859 Quum
418 1787 499 1847 fama
524 1789 675 1847 exercitus
698 1787 737 1846 ad
759 1788 863 1845 hostes
893 1793 976 1845 esset
998 1785 1126 1863 perlata,

127 1872 299 1931 calamitate
322 1881 491 1933 ceterorum
520 1875 602 1934 docti
631 1873 780 1932 Carnutes
810 1872 939 1931 desertis
968 1872 1044 1931 vicis
1075 1890 1127 1948 op-

126 1956 278 2034 pidisque,
313 1979 380 2034 quae
413 1961 579 2019 tolerandae
613 1960 721 2018 hiemis
756 1978 849 2017 causa
876 1957 1051 2017 constitutis
1080 1976 1127 2015 re-

127 2050 219 2120 pente
243 2044 359 2121 exiguis
390 2046 429 2103 ad
457 2047 672 2104 necessitatem
702 2043 839 2104 aedificiis
866 2044 1041 2102 incolebant
1063 2042 1128 2112 (nu-

127 2149 182 2206 per
213 2130 292 2188 enim
321 2130 432 2191 demeti
463 2132 617 2209 complura
646 2130 758 2209 oppida
786 2129 971 2204 amiserant),
997 2128 1126 2205 dispersi

127 2214 314 2292 profugiunt.
384 2216 488 2276 Caesar
528 2224 721 2295 erumpentes
762 2236 796 2275 eo
830 2215 959 2274 maxime
992 2222 1128 2291 tempore

128 2302 291 2361 acerrimas
308 2310 508 2381 tempestates
528 2325 620 2379 quum
639 2303 741 2361 subire
760 2302 872 2360 milites
895 2300 1004 2376 nollet,
1024 2300 1056 2358 in
1076 2320 1128 2377 op-

128 2386 198 2463 pido
223 2387 390 2447 Carnutum
402 2390 527 2449 Cenabo
552 2398 653 2448 castra.
675 2388 760 2466 ponit
783 2395 874 2462 atque
896 2388 926 2445 in
955 2393 1037 2445 tecta
1058 2406 1128 2463 par-

128 2472 183 2530 tim
207 2473 372 2550 Gallorum,
395 2477 506 2553 partim
529 2496 596 2551 quae
621 2474 757 2533 collectis
786 2473 925 2532 celeriter
954 2472 1128 2531 stramentis

129 2554 336 2629 [tentoriorum
357 2561 587 2638 integendorum
610 2558 718 2637 gratia]
741 2566 828 2618 erant
844 2557 1035 2633 inaedificata,
1052 2556 1129 2616 mili-

128 2650 176 2702 tes
200 2645 344 2720 oonjecit;
370 2649 487 2722 equites
510 2654 611 2705 tamen
635 2654 665 2704 et
688 2646 863 2704 auxiliarios
881 2644 1000 2721 pedites
1018 2644 1049 2702 in
1067 2663 1128 2702 om·

129 2748 185 2786 nes
207 2738 311 2806 partes
335 2733 436 2806 mittit,
462 2752 659 2808 quascunque
681 2733 796 2809 petisse
812 2730 991 2789 dicebantur
1014 2731 1128 2799 hostes

129 2834 186 2872 nec
208 2814 337 2890 frustra;
362 2837 431 2875 nam
454 2817 633 2895 plerumque
655 2838 765 2894 magna
787 2816 892 2894 praeda
922 2816 1011 2894 potiti
1032 2815 1129 2874 nostri

128 2908 330 2960 revertuntur.
377 2902 524 2981 Oppressi
549 2902 697 2962 Carnutes
724 2902 832 2961 hiemis
856 2900 1045 2967 difficultate,
1069 2908 1129 2959 ter-

129 3006 197 3045 rore
226 2988 361 3064 periculi,
397 3010 488 3065 quum
520 2990 610 3049 tectis
645 2988 761 3067 expulsi
804 2988 887 3046 nullo
920 2988 987 3047 loco
1017 2986 1130 3045 diutius

131 3072 297 3132 consistere
336 3075 482 3134 auderent
510 3096 566 3135 nec
596 3076 740 3135 silvarum
767 3072 911 3152 praesidio
940 3072 1129 3150 tempestati·

129 3158 187 3215 bus
199 3158 368 3219 durissimis
391 3162 454 3238 tegi
476 3169 612 3239 possent,
637 3161 767 3239 dispersi
788 3179 899 3236 magna
911 3166 998 3236 parte
1017 3158 1131 3217 amissa

132 3263 255 3302 suorum
278 3245 466 3323 dissipantur
488 3249 518 3306 in
540 3246 684 3306 finitimas
708 3246 857 3305 civitates.

216 3330 271 3389 VI.
319 3331 423 3391 Caesar
456 3341 592 3411 tempore
622 3333 691 3391 anni
726 3330 903 3390 difficillimo
938 3350 1031 3405 quum
1054 3329 1130 3388 satis

130 3414 257 3474 haberet
280 3419 495 3478 convenientes
517 3439 624 3478 manus
647 3417 810 3495 dissipare,
840 3436 878 3474 ne
908 3416 990 3491 quod
1012 3414 1130 3474 initium

131 3501 204 3559 belli
228 3511 414 3579 nasceretur,
439 3514 643 3581 quantumque
665 3505 697 3562 in
718 3503 836 3562 ratione
866 3509 958 3575 esset,
991 3501 1128 3578 explora-

131 3592 196 3643 tum
229 3589 355 3647 haberet
389 3591 444 3648 sub
479 3604 597 3668 tempus
629 3589 803 3648 aestivorum
832 3587 948 3646 nullum
982 3606 1131 3646 summiun
1233 3648 1237 3655 ⁴

133 3672 244 3731 bellum
277 3695 368 3753 posse
403 3675 535 3752 conflari,
566 3676 603 3736 C.
623 3675 805 3734 Trebonium
838 3693 906 3732 cum
935 3673 970 3731 II
1005 3671 1130 3749 legioni-

132 3757 198 3833 bus,
223 3779 299 3834 quas
323 3780 426 3820 secum
453 3762 600 3837 habebat,
630 3762 661 3819 in
689 3760 824 3819 hibernis
853 3758 973 3818 Cenabi
1002 3758 1130 3817 colloco·

132 3843 190 3916 vit;
225 3845 292 3923 ipse
326 3867 418 3922 quum
452 3849 567 3908 crebris
596 3845 799 3924 legationibus
821 3844 986 3904 Remorum
1020 3844 1131 3903 certior

132 3926 218 3988 fieret
247 3931 438 4008 Bellovacos,
475 3936 526 4010 qui
559 3934 632 3993 belli
666 3932 763 4009 gloria
792 3930 898 3989 Gallos
927 3949 1031 3989 omnes
1058 3929 1131 3989 Bel-
