2670 4456
165 281 204 338 62
462 273 514 326 DE
532 272 659 328 BELLO
678 271 856 327 GALLICO.

164 489 253 544 quem
282 468 361 527 diem
388 489 499 546 pugnae
531 470 792 548 praetermitteret,
828 467 1083 545 opportunissime
1110 487 1161 526 166

164 554 283 630 accidit,
308 554 389 630 quod
411 555 557 632 postridie
580 555 646 632 ejus
670 555 730 613 diei
751 575 840 612 mane
863 553 968 613 eedem
986 560 1017 613 et
1034 553 1162 631 perfidia

164 648 195 700 et
217 640 407 700 simulatione
429 641 477 699 usi
500 641 643 700 Germani
670 640 846 715 frequentes
877 641 1016 699 omnibus
1049 640 1161 717 princi-

163 727 253 805 pibus
275 725 501 802 majoribusque
523 735 596 786 natu
619 727 762 786 adhibitis
786 725 825 784 ad
847 746 915 784 eum
938 727 969 783 in
992 734 1092 784 castra
1109 746 1161 785 ve-

163 821 282 887 nerunt,
307 813 404 887 simul,
428 820 462 871 ut
485 812 656 889 dicebatur,
687 813 734 871 sui
768 811 920 889 purgandi
949 831 1050 887 causa,
1081 811 1162 887 quod

165 906 278 973 contra,
308 906 399 973 atque
432 905 514 957 esset
542 899 656 958 dictum
684 905 714 958 et
736 898 797 975 ipsi
824 899 988 975 petissent,
1022 898 1162 975 proelium

163 984 260 1061 pridie
284 984 514 1059 commisissent,
539 985 627 1044 simul
649 993 692 1058 ut,
716 985 743 1042 si
761 983 834 1058 quid
856 992 991 1061 possent,
1016 982 1162 1041 1161111111-

163 1071 214 1128 tiis
236 1069 370 1128 fallendo
391 1070 596 1147 impetrarent.
643 1070 726 1142 Quos
750 1070 808 1128 sibi
831 1069 935 1128 Caesar
963 1070 1081 1127 oblatos
1109 1089 1162 1144 ga-

163 1157 257 1231 visuS,
291 1155 361 1214 illos
394 1156 516 1214 retineri
540 1157 649 1233 jussit,
683 1157 750 1233 ipse
786 1175 889 1213 omnes
918 1156 1022 1232 copias
1052 1155 1162 1212 castris

130 1295 131 1298 ,
166 1241 270 1300 eduxit
298 1242 533 1316 equitatumque,
569 1242 650 1318 quod
683 1242 799 1300 recenti
827 1241 934 1318 proelio
969 1240 1163 1319 perterritum

164 1346 232 1385 esse
255 1327 456 1402 existumabat,
480 1348 588 1402 agmen
611 1328 758 1403 subsequi
776 1327 879 1403 jussit.
1054 1338 1056 1343 '

248 1412 337 1471 XIV.
366 1413 441 1471 Acie
463 1413 576 1490 triplici
597 1414 737 1472 instituta
755 1420 785 1471 et
803 1413 943 1471 celeriter
961 1420 1027 1470 octo
1047 1412 1163 1469 milium

163 1498 271 1556 itinere
294 1496 431 1556 confecto
454 1499 539 1575 prius
563 1499 602 1557 ad
612 1500 744 1558 hostium
763 1506 863 1557 castra
885 1499 1035 1575 pervenit,
1060 1518 1160 1572 quam,

165 1583 237 1659 quid
260 1590 409 1660 ageretur,
442 1584 583 1643 Germani
613 1586 725 1643 sentire
753 1591 888 1662 possent.
942 1583 1000 1655 Qui
1024 1584 1162 1641 omnibus

163 1671 255 1728 rebus
279 1669 379 1727 subito
402 1671 570 1746 perterriti,
602 1679 633 1729 et
655 1671 809 1729 celeritate
839 1669 989 1729 adventus
1012 1670 1109 1727 nostri
1133 1676 1163 1727 et

164 1755 303 1814 discessu
336 1774 468 1830 suorum,
503 1776 601 1831 neque
635 1756 753 1815 consilii
785 1755 916 1814 habendi
949 1775 1048 1830 neque
1080 1775 1164 1812 arma

164 1840 303 1918 capiendi
336 1842 433 1918 spatio
468 1841 537 1901 dato
571 1843 801 1920 perturbantur,
836 1841 978 1918 copiasne
1014 1840 1163 1900 adversus

163 1926 282 1984 hostem
305 1926 444 2000 educere,
468 1948 507 1985 an
537 1935 637 1986 castra
665 1926 837 2002 defendere,
867 1947 906 1985 an
933 1926 1007 2003 fuga
1035 1927 1164 1984 salutem

163 2019 266 2090 petere
288 2019 459 2088 praestaret.
506 2013 639 2084 Quorum
661 2014 749 2070 timor
772 2032 865 2087 quum
886 2012 1009 2071 fremitu
1039 2019 1070 2070 et
1093 2032 1163 2070 con-

164 2117 255 2156 cursu
278 2095 512 2173 significaretur,
546 2099 657 2156 milites
682 2099 779 2156 nostri
806 2098 927 2175 pristini
955 2098 1014 2156 diei
1036 2096 1165 2176 perfidia

163 2183 280 2242 incitati
312 2183 344 2240 in
378 2191 478 2242 castra
510 2185 692 2261 irruperunt.
750 2183 815 2255 Quo
849 2185 915 2242 loco
948 2185 1000 2258 qui
1023 2184 1164 2242 celeriter

151 2291 246 2328 arma
269 2268 377 2346 capere
399 2276 572 2346 potuerunt,
596 2270 750 2347 paulisper
772 2271 886 2328 nostris
915 2270 1095 2328 restiterunt
1118 2276 1162 2326 at·

161 2377 219 2431 que
242 2356 320 2413 inter
343 2375 446 2413 carros
469 2355 743 2433 impedimentaque
765 2355 906 2432 proelium
929 2355 1160 2427 commiserunt;

162 2450 193 2501 at
219 2441 336 2516 reliqua
363 2441 524 2500 multitudo
552 2461 714 2518 puerorum
742 2441 960 2516 mulierumque
989 2439 1070 2512 (nam
1094 2460 1164 2497 cum

162 2528 299 2585 omnibus
323 2527 386 2584 suis
410 2527 497 2585 domo
522 2534 716 2586 excesserant
737 2527 940 2602 Rhenumque
963 2525 1162 2596 transierant)

161 2612 276 2689 passim
313 2610 420 2687 fugere
454 2613 559 2689 coepit,
600 2611 639 2670 ad
680 2632 756 2686 quos
797 2613 1015 2671 consectandas
1058 2611 1163 2670 Oaesar

163 2698 329 2772 equitatum
351 2697 441 2755 misit.

247 2782 318 2840 XV.
342 2845 345 2850 x
365 2781 507 2840 Germani
528 2789 599 2858 post
621 2789 740 2858 tergum
762 2782 892 2841 clamore
921 2783 1038 2857 audito,
1070 2802 1164 2856 quum

163 2887 234 2926 suos
262 2865 391 2924 interfici
413 2867 566 2941 viderent,
596 2868 686 2925 armis
716 2867 843 2943 abjectis
873 2868 1029 2944 signisque
1052 2868 1164 2926 milita-

161 2954 246 3011 ribus
268 2952 382 3010 relictis
406 2971 439 3010 se
462 2972 499 3010 ex
522 2952 631 3011 castris
654 2952 823 3029 ejecerunt,
856 2960 886 3012 et
914 2973 1005 3028 quum
1029 2953 1068 3011 ad
1092 2973 1164 3011 con-

161 3037 304 3097 fluentem
325 3039 421 3095 Mosae
445 3045 475 3096 et
496 3038 596 3096 Rheni
618 3039 838 3115 pervenissent,
862 3038 979 3113 reliqua
1007 3037 1090 3114 fuga*
1111 3038 1164 3096 de-

162 3130 294 3201 sperata,
317 3143 426 3199 magno
449 3144 581 3182 numero·
601 3123 761 3182 interfecto
792 3124 903 3198 reliqui
934 3144 966 3182 se
994 3125 1027 3182 in
1049 3122 1166 3182 flumen

161 3209 429 3286 praecipitaverunt
451 3215 542 3283 atque
564 3209 607 3267 ibi
632 3210 751 3283 timore,
765 3209 955 3283 lassitudine,
979 3210 1010 3269 vi
1028 3208 1165 3268 fluminis

163 3294 286 3372 oppresi
318 3293 481 3369 perierimt.
536 3295 643 3354 Nostri
672 3294 708 3353 sd
736 3314 830 3351 unum
863 3314 967 3353 omncs
994 3295 1166 3354 incolumes

162 3378 322 3456 perpaucis
345 3378 511 3436 vulneratis
534 3399 571 3437 ex
592 3380 669 3437 tanti
690 3380 763 3438 belli
781 3380 901 3454 timore,
920 3400 1012 3455 quum
1029 3380 1167 3439 hostium

163 3483 306 3522 numerus
329 3463 461 3539 capitum
485 3463 636 3522 ODXXX
658 3464 774 3522 milium
795 3463 913 3539 husset,
938 3485 970 3523 se
999 3466 1030 3523 in
1061 3473 1168 3524 castra

162 3554 352 3627 receperunt.
399 3546 502 3606 Caesar
523 3549 570 3624 iis,
595 3570 670 3624 quos
693 3550 724 3606 in
755 3550 863 3607 castris
892 3551 1068 3626 retinuerat,
1102 3551 1167 3609 dis-

164 3635 291 3694 cedendi
314 3638 497 3710 potestatem
518 3632 605 3708 fecit,
630 3634 675 3692 illi
693 3634 843 3710 supplicia
863 3636 1075 3711 cruciatusque
1089 3637 1165 3696 Gal-

163 3720 260 3778 lorum
282 3718 385 3792 veriti,
421 3738 549 3792 quorum
582 3739 672 3795 agros
702 3727 903 3794 vexaverant,
934 3741 1092 3780 remanere
1129 3743 1165 3780 se

165 3806 245 3882 apud
268 3824 337 3863 eum
348 3804 426 3861 velle
440 3803 589 3861 dixerunt.
620 3805 677 3862 His
691 3804 795 3862 Caesar
810 3804 981 3864 libertatem
999 3808 1166 3866 concessit.

248 3889 337 3949 XVI.
390 3889 568 3948 Germanico
596 3890 676 3947 bello
705 3887 844 3948 confecto
872 3891 975 3948 multis
999 3891 1036 3949 de
1060 3893 1168 3951 causis

166 3973 269 4034 Gaesar
292 3975 398 4032 statuit
421 3973 479 4032 sibi
499 3973 640 4032 Rhenum
669 3993 737 4033 esse
763 3976 997 4051 transeundum,
1033 3997 1170 4052 quarum
