2670 4456
166 254 208 312 50
474 245 527 299 nn
545 245 671 300 annno
690 245 858 301 0111100

166 441 274 501 statuit
306 440 523 518 expectandam
557 441 695 501 classem.
760 442 834 513 Quae
867 443 919 501 ubi
954 442 1095 502 convenit
1129 461 1163 499 ac

164 528 295 606 primum
317 527 354 585 ab
377 527 516 586 hostibus
544 527 610 587 visa
633 536 689 604 est,
718 529 838 587 circiter
860 527 975 587 CCXX
996 527 1092 587 naves
1115 547 1164 586 eo·

165 635 232 673 rum
252 612 453 690 paratissimae
477 620 567 688 atque
590 615 669 672 omni
696 634 806 691 genere
835 635 984 674 armorum
1007 613 1163 673 ornatissi-

165 719 222 759 mae
243 697 390 776 profectae
414 719 451 757 ex
472 705 562 776 portu
583 700 696 759 nostris
719 700 856 760 adversae
880 701 1088 773 constiterunt,
1111 718 1166 756 ne-

166 805 224 861 que
247 785 322 844 satis
338 784 444 859 Bruto,
469 786 520 860 qui
542 785 633 844 classi
650 793 789 863 praeerat,
813 786 862 845 vel
884 786 1013 845 tribunis
1035 785 1165 842 militum

166 870 477 946 centurionisbusque,
502 871 610 946 quibus
633 872 760 948 singulae
782 892 877 931 naves
896 879 981 930 erant
998 871 1163 943 attributa,

166 957 334 1031 constabat,
366 956 438 1032 quid
466 965 591 1033 agerent
614 965 665 1016 aut
688 978 777 1032 quam
806 959 953 1017 rationem
979 976 1091 1034 pugnae
1119 956 1166 1012 in-

165 1044 317 1102 sisterent.
361 1042 474 1102 Rostro
498 1043 576 1101 enim
603 1044 706 1101 noceri
732 1064 793 1102 non
821 1063 913 1121 posse
941 1049 1162 1120 cognoverant3

164 1129 298 1187 turribus
327 1135 428 1186 autem
450 1128 611 1206 excitatis,
645 1135 745 1188 tamen
773 1129 829 1187 has
857 1129 983 1187 altitudo
1017 1127 1166 1206 puppium

165 1234 202 1273 ex
234 1214 373 1272 barbaris
402 1213 531 1273 navibus
560 1216 732 1291 superabat,
766 1222 801 1273 ut
827 1235 925 1290 neque
956 1234 993 1273 cx
1021 1212 1166 1271 inferiore

163 1301 230 1359 loco
259 1299 334 1358 satis
368 1299 522 1359 commode
554 1299 617 1358 tela
650 1299 740 1376 adjici
773 1309 900 1378 possent
933 1309 964 1358 et
996 1300 1092 1358 missa
1127 1298 1166 1355 ab

166 1385 262 1445 Gallis
295 1385 419 1461 gravius
452 1385 632 1443 acciderent.
688 1385 758 1444 Una
786 1394 850 1444 erat
878 1407 986 1462 magno
1016 1385 1084 1443 usui
1114 1379 1166 1441 res

163 1477 336 1549 praeparata
358 1491 376 1528 a
396 1471 518 1545 nostris,
541 1470 638 1528 falces
654 1478 827 1548 praeacutae,
850 1472 973 1531 insertae
1003 1470 1166 1544 affixaeque

163 1556 319 1633 longuriis,
351 1576 412 1614 non
445 1557 575 1614 absimili
607 1556 704 1615 forma
736 1558 893 1615 muralium
921 1556 1054 1615 falcium.
1106 1554 1165 1612 His

165 1662 256 1718 quum
277 1640 376 1715 funes,
406 1643 457 1716 qui
479 1649 637 1700 antemnas
665 1642 704 1700 ad
730 1642 826 1701 malos
849 1643 1053 1717 destinabant,
1084 1660 1166 1699 com·

163 1728 306 1806 prehensi
328 1726 511 1802 adductique
539 1735 633 1803 erant,
662 1729 782 1804 navigio
811 1729 901 1787 remis
928 1729 1054 1786 incitato
1086 1745 1165 1804 prae-

163 1813 389 1890 rumpebantur.
436 1812 552 1883 Quibus
575 1814 702 1872 abscisis
725 1820 872 1873 antemnae
895 1813 1069 1872 necessario
1095 1831 1166 1869 oon-

163 1898 314 1972 oidebant,
338 1906 381 1971 ut,
406 1918 496 1973 quum
519 1899 614 1956 omnis
640 1898 764 1957 Gallicis
786 1899 914 1958 navibus
938 1919 1009 1976 spes
1032 1899 1064 1955 in
1087 1895 1167 1956 velis

164 1983 416 2057 armamentisque
445 1983 633 2059 consisteret,
663 1984 711 2041 his
740 1985 852 2061 ereptis
881 1985 977 2058 omnis
1004 2003 1081 2042 usus
1112 2002 1166 2039 na·

162 2069 246 2148 rium
267 2088 327 2125 uno
349 2074 485 2144 tempore
509 2068 683 2145 eriperetur.
737 2069 899 2144 Reliquum
921 2077 986 2127 erat
1010 2076 1168 2126 certamen

162 2155 294 2233 positum
316 2153 347 2211 in
369 2153 489 2228 virtute,
514 2174 573 2228 qua
594 2154 691 2212 nostri
720 2155 830 2213 milites
853 2154 943 2213 facile
966 2156 1166 2230 superabant,

163 2248 254 2315 atque
277 2259 311 2298 eo
334 2239 441 2315 magis,
471 2239 551 2314 quod
579 2239 610 2297 in
633 2246 798 2316 conspectu
821 2239 951 2298 Oaesaris
981 2248 1073 2314 atque
1103 2259 1166 2296 om-

160 2327 208 2384 nis
242 2325 391 2384 exercitus
424 2344 474 2383 res
507 2326 679 2401 gerebatur,
713 2332 747 2383 ut
780 2326 894 2383 nullum
927 2325 1016 2402 paulo
1052 2323 1167 2382 fortius

160 2411 276 2470 factum
298 2411 392 2469 latere
413 2417 519 2487 posset
527 2431 533 2483 ;
565 2430 667 2469 omnes
696 2411 774 2468 enim
797 2411 889 2469 colles
913 2410 947 2468 ac
976 2411 1044 2468 loca
1074 2429 1167 2486 supe-

160 2497 249 2571 riora,
274 2495 353 2553 unde
376 2502 440 2553 erat
461 2496 650 2572 propinquus
668 2496 830 2573 despectus
852 2497 884 2553 in
901 2516 993 2570 mare,
1019 2496 1056 2553 ab
1079 2515 1167 2553 exer-

162 2582 224 2639 citu
246 2581 436 2638 tenebantur.

246 2665 317 2722 XV.
361 2664 508 2739 Dejectis,
537 2670 571 2721 ut
600 2665 740 2741 diximus,
769 2667 915 2724 antemnis
944 2687 1036 2741 quum
1060 2666 1169 2742 singu-

161 2751 207 2809 las
229 2749 309 2807 binae
333 2768 368 2806 ac
390 2756 485 2806 ternae
504 2769 599 2807 naves
619 2750 887 2825 circumsteterant,
910 2752 1022 2808 milites
1046 2771 1175 2818 summa

161 2836 193 2896 vi
215 2833 429 2893 transcendere
451 2834 482 2890 in
504 2834 636 2891 hostium
665 2854 760 2894 naves
790 2835 1021 2894 contendebant.
1076 2835 1170 2906 Quod

161 2927 323 2998 postquam
345 2919 466 2977 barbari
488 2916 554 2976 fieri
571 2919 855 2994 animadverterunt,
879 2921 1059 2997 expugnatis
1085 2941 1170 2979 com·

161 3006 298 3084 pluribus
321 3004 459 3078 navibus,
484 3023 576 3077 quum
604 3005 631 3061 ei
659 3005 703 3061 rei
724 3005 839 3062 nullum
867 3006 1052 3082 reperiretur
1082 3006 1170 3063 auxi-

161 3092 244 3166 lium,
278 3089 352 3165 fuga
381 3089 510 3147 salutem
537 3095 641 3164 petere
670 3089 903 3164 contenderunt,
940 3111 974 3148 ac
999 3090 1066 3167 jam
1095 3110 1171 3148 con·

162 3175 261 3236 versis
282 3175 314 3231 in
336 3194 402 3231 eam
418 3179 537 3250 partem
555 3174 694 3248 navibus,
719 3194 777 3248 quo
795 3182 904 3233 ventus
926 3174 1055 3247 ferebat,
1080 3182 1174 3233 tanta

163 3260 263 3317 subito
291 3258 420 3316 malacia
447 3278 482 3316 ac
511 3259 714 3332 tranquillitas
748 3259 855 3333 extitit,
889 3268 923 3316 ut
957 3280 990 3318 se
1025 3280 1063 3319 ex
1099 3260 1172 3318 loco

164 3362 351 3402 commovere
379 3363 440 3400 non
466 3350 601 3419 possent.
659 3343 733 3413 Quae
762 3343 882 3417 quidem
914 3364 964 3402 res
999 3345 1038 3403 ad
1073 3365 1173 3422 nego-

163 3430 237 3487 tium
272 3426 490 3486 oonficiendum
522 3429 650 3486 maxime
683 3427 742 3485 fuit
775 3435 957 3504 opportuna,
999 3451 1072 3488 nam
1108 3432 1175 3489 sin·

163 3514 251 3591 gulas
273 3512 370 3571 nostri
393 3513 559 3570 consectati
587 3520 843 3589 expugnaverunt,
873 3522 907 3571 ut
934 3535 1101 3592 perpaucae
1135 3536 1176 3575 ex

164 3600 245 3658 omni
271 3616 395 3656 numero
423 3598 522 3654 noctis
549 3597 722 3657 interventu
749 3597 788 3655 ad
819 3605 931 3656 terram
958 3602 1174 3676 pervenerint,

165 3705 257 3759 quum
290 3684 327 3741 ab
360 3682 435 3739 hora
467 3680 532 3739 fere
567 3689 673 3756 quarta
705 3701 800 3756 usque
840 3683 878 3740 ad
908 3685 981 3741 solis
1021 3705 1177 3744 occasum

163 3775 358 3846 pugnaretur.

249 3853 338 3912 XVI.
395 3850 461 3921 Quo
494 3850 600 3927 proelio
639 3851 752 3908 bellum
784 3852 969 3910 Venetorum
1009 3856 1178 3931 totiusque

164 3958 225 3996 orae
248 3936 406 3995 maritimae
429 3935 600 3994 confectum
622 3942 678 3993 est.
723 3935 801 3994 Nam
824 3956 915 4010 quum
939 3939 1036 3998 omnis
1057 3940 1177 4016 juven·
