2670 4456
569 248 690 304 LIBER
708 248 763 304 III.
1122 259 1163 316 45

162 445 292 524 primum
314 444 435 521 quidem
456 463 549 522 possa
571 445 717 523 impetum
739 463 828 503 suum
850 445 993 505 sustineri
1010 445 1163 505 existima-

163 532 246 590 bant.
291 529 477 607 Accedebat,
507 530 589 607 quod
622 549 694 589 suos
723 531 761 589 ab
791 550 824 588 se
851 530 964 590 liberos
993 532 1163 592 abstractos

166 616 305 677 obsidum
332 618 452 675 nomine
482 615 626 676 dolebant
654 623 685 676 et
712 616 868 675 Romanos
903 637 964 676 non
992 617 1089 677 solum
1114 618 1163 676 iti·

163 723 269 762 nerum
292 722 393 777 cansa,
418 702 586 762 sedetiam
614 709 770 780 perpetuae
799 703 1004 779 possessionis
1034 704 1165 763 culmina

163 788 285 866 Alpium
307 808 457 865 occupare
481 789 582 847 conari
606 795 636 847 et
664 807 700 847 ea
729 788 806 863 loca,
834 786 962 847 finitima
989 789 1163 868 provinciae,

164 874 329 952 adjungere
351 873 419 949 sibi,
442 893 623 952 persuasum
644 873 807 933 habebant.

251 961 314 1019 III.
359 960 417 1019 His
440 960 553 1019 nuntiis
577 959 711 1037 acceptis
725 959 833 1035 Galba,
857 980 950 1036 quum
965 979 1064 1037 neque
1087 979 1164 1039 opus
1221 994 1224 999 ·

163 1045 357 1105 hibernorum
378 1045 620 1122 munitionesque
650 1046 739 1123 plene
768 1051 871 1105 essent
898 1044 1043 1124 perfectae
1066 1066 1164 1122 neque

165 1131 202 1190 dc
223 1129 375 1190 frumento
398 1132 574 1207 reliquoque
598 1138 765 1190 commeatu
788 1131 864 1191 satis
893 1139 976 1191 esset
996 1131 1163 1210 provisum,

166 1217 246 1292 quod
286 1217 438 1276 deditione
467 1216 550 1276 facta
589 1216 806 1293 obsidibusque
846 1217 980 1295 acceptis
1018 1217 1093 1276 nihil
1126 1217 1164 1277 de

164 1303 243 1362 bello
268 1303 434 1362 timendum
458 1303 699 1378 existimaverat,
731 1303 856 1363 oonsilio
887 1303 1026 1363 celeriter
1054 1323 1164 1364 convo-

165 1395 231 1448 cato
253 1389 420 1449 sententias
443 1389 617 1464 exquireres
630 1389 730 1466 coepit.
777 1388 842 1460 Quo
865 1389 897 1448 in
920 1389 1054 1464 consilio,
1073 1409 1165 1466 quum

164 1481 281 1533 tantum
309 1475 459 1552 repentini
488 1475 616 1552 periculi
642 1482 754 1552 praeter
783 1475 954 1553 opinionem
988 1475 1160 1550 accidisset,

165 1579 199 1618 ac
223 1560 287 1638 jam
320 1561 418 1619 omnia
446 1559 511 1619 fere
540 1561 697 1638 superiora
725 1560 793 1619 loca
820 1561 1013 1621 multitudine
1036 1569 1164 1621 armato-

166 1667 231 1704 rum
274 1647 423 1724 completa
462 1646 725 1723 conspicerentur,
758 1666 876 1721 neque,
898 1646 1034 1706 subsidio
1068 1647 1165 1707 veniri

164 1751 261 1807 neque
289 1739 473 1791 commeatus
503 1732 677 1809 supportari
704 1731 878 1791 interclusis
906 1732 1064 1791 itineribus
1094 1752 1165 1810 pos-

162 1824 241 1892 sent,
275 1838 370 1896 prope
396 1817 461 1893 jam
489 1817 651 1895 desperata
679 1818 777 1876 salute
804 1819 956 1877 nonnullae
992 1817 1165 1894 hujusmodi

164 1904 322 1962 sententiae
346 1903 534 1979 dicebantur,
557 1910 592 1962 ut
613 1903 836 1981 impedimentis
858 1904 983 1980 relictis,
1008 1903 1165 1982 eruptione

166 1987 249 2048 facta
270 1989 378 2048 iisdem
400 1989 569 2063 itineribus
594 1990 704 2065 quibus
727 2010 762 2049 eo
792 1991 1019 2068 pervenissent,
1051 1989 1090 2049 ad
1118 2010 1165 2048 sa-

165 2074 258 2133 lutem
292 2075 518 2134 contenderent.
574 2075 684 2152 Majori
717 2083 818 2135 tamen
850 2077 931 2154 parti
958 2076 1073 2154 placuit
1107 2076 1165 2135 hoc

164 2167 321 2221 reservato
345 2161 384 2219 ad
407 2168 574 2220 extremum
592 2161 717 2220 consilio
740 2161 860 2221 interim
882 2163 926 2221 rei
950 2168 1091 2222 eventum
1114 2182 1164 2220 cx-

163 2247 255 2323 periri
278 2254 309 2305 et
331 2254 433 2306 castra
455 2246 629 2306 defendere.

248 2333 304 2392 IV.
349 2333 442 2393 Brevi
465 2334 563 2410 spatio
586 2332 755 2408 interjecto,
779 2333 831 2391 vix
852 2341 887 2390 ut
907 2332 945 2390 iis
962 2333 1065 2406 rebus,
1089 2351 1166 2406 quas

164 2418 412 2494 constituissent,
442 2417 627 2478 collocandis
656 2425 746 2492 atque
775 2416 1021 2476 administrandis
1044 2424 1165 2494 tempus

164 2502 297 2579 daretur,
321 2504 424 2564 hostes
447 2525 484 2563 ex
507 2503 646 2562 omnibus
674 2503 813 2581 partibus
842 2503 929 2580 signo
958 2503 1029 2561 dato
1059 2502 1165 2562 decur-

165 2609 242 2664 rere,
265 2589 384 2666 lapides
406 2610 550 2667 gaesaque
571 2590 603 2648 in
625 2589 738 2649 vallum
761 2588 920 2666 conjicere.
970 2588 1077 2647 Nostri
1104 2590 1165 2667 pri-

165 2694 213 2733 mo
235 2675 362 2752 integris
385 2676 500 2734 viribus
522 2675 643 2735 fortiter
664 2695 835 2752 repugnare
863 2695 961 2751 neque
983 2675 1078 2733 ullum
1100 2673 1165 2733 fru-

167 2768 231 2818 stra
253 2761 347 2819 telum
376 2781 413 2819 ex
434 2763 502 2821 loco
531 2761 686 2840 superiore
712 2761 847 2836 mittere;
876 2768 912 2820 ut
938 2781 1066 2837 quaeque
1092 2781 1165 2838 pars

163 2852 332 2905 castrorum
353 2846 467 2905 nudata
490 2846 700 2907 defensoribus
728 2848 823 2925 premi
849 2847 1027 2920 videbatur,
1057 2866 1092 2905 eo
1116 2866 1164 2906 oc-

166 2950 288 2991 currere
312 2939 343 2991 et
364 2933 507 2991 auxilium
529 2933 625 3004 ferre3
650 2932 705 2992 sed
727 2933 784 2992 hoc
813 2933 960 3011 superari,
990 2932 1072 3007 quod
1099 2931 1163 2990 diu·

163 3018 308 3076 turnitate
330 3038 440 3095 pugnae
463 3019 568 3078 hostes
596 3017 712 3078 defessi
739 3018 845 3096 proelio
881 3018 1078 3092 excedebant,
1114 3018 1165 3076 alii

164 3102 292 3180 integris
321 3104 438 3165 viribus
471 3104 691 3179 succedebant,
720 3123 847 3179 quarum
875 3124 976 3162 rerum
1004 3124 1022 3161 a
1049 3103 1164 3162 nostris

164 3196 290 3268 propter
311 3189 496 3267 paucitatem
517 3189 584 3249 fieri
604 3190 679 3248 nihil
700 3196 830 3267 poterat,
860 3210 896 3248 ac
918 3209 979 3248 non
1000 3188 1088 3247 modo
1112 3189 1163 3248 de-

163 3272 246 3334 lesso
275 3295 313 3334 ex
340 3295 444 3353 pugna
467 3275 641 3349 excedendi,
672 3275 728 3335 sed
753 3295 792 3334 ne
820 3275 924 3334 saucio
953 3275 1074 3350 quidem
1097 3275 1164 3352 ejus

163 3359 231 3436 loci,
254 3361 308 3419 ubi
331 3361 519 3436 constiterat,
542 3361 731 3436 relinquendi
753 3380 789 3419 ac
812 3361 860 3420 sui
877 3360 1044 3439 recipiendi
1066 3359 1163 3420 facul·

162 3451 211 3504 tas
235 3446 373 3506 dabatur.

247 3532 287 3591 V.
332 3532 432 3605 Quum
450 3530 514 3609 jam
537 3531 665 3610 amplius
687 3532 771 3590 horis
793 3551 848 3591 sex
877 3531 1066 3591 continenter
1087 3551 1162 3608 pug-

163 3624 295 3693 naretur,
330 3638 365 3677 ac
389 3638 451 3676 non
478 3618 575 3677 solum
608 3618 699 3692 vires,
734 3616 790 3676 sed
824 3619 914 3678 etiam
946 3618 1008 3675 tela
1040 3624 1162 3675 nostros

164 3701 336 3779 deficerent,
361 3710 452 3779 atque
473 3703 578 3763 hostes
607 3703 707 3762 acrius
733 3703 883 3764 instarent
909 3701 1162 3779 languidioribus·

164 3807 223 3863 que
244 3789 357 3849 nostris
379 3790 493 3849 vallum
515 3790 654 3850 scindere
684 3796 716 3849 et
743 3788 845 3849 fossas
874 3788 1025 3866 complere
1053 3788 1162 3865 coepis-

164 3882 241 3950 sent,
269 3895 380 3952 resque
408 3882 491 3935 esset
519 3874 585 3952 jam
613 3876 652 3934 ad
682 3883 848 3935 extremum
869 3872 1018 3952 perducta
1047 3893 1161 3949 casum,

163 3960 197 4018 P.
222 3960 342 4021 Sextius
364 3960 509 4034 Baculus,
537 3961 627 4039 primi
653 3961 708 4039 pili
736 3961 881 4036 centurio,
912 3979 1001 4034 quem
1029 3958 1161 4020 Nervico
