2670 4456
175 261 238 320 170
481 250 534 304 DE
552 249 679 305 BELLO
699 249 869 305 GALLICO

256 447 397 506 XXVII.
441 447 560 507 Eodem
580 453 717 522 tempore
741 445 778 504 G.
801 444 917 505 Fabius
945 447 1065 523 legatus
1093 466 1176 506 com·

171 534 275 612 plures
299 534 440 593 civitates
462 534 494 591 ia
519 531 612 591 fidem
632 530 752 609 recipit,
781 530 939 592 obsidibus
966 531 1068 592 firmat
1094 532 1177 591 litte·

171 621 274 696 risque
298 619 336 678 G.
361 618 479 678 Caninii
500 618 604 678 Rebili
624 615 660 675 fit
687 617 808 691 certior,
838 637 906 693 quae
935 617 968 677 in
996 619 1176 678 Pictonibus

172 713 328 783 gerantur.
374 704 492 777 Quibus
514 705 607 764 rebus
637 703 768 780 cognitis
797 702 1001 780 proficiscitur
1029 704 1069 763 ad
1091 704 1177 763 auxi·

172 792 246 850 lium
267 791 396 850 Duratio
424 790 594 850 ferendum.
644 789 687 848 At
713 789 891 848 Dumnacus
925 789 1059 850 adventu
1087 789 1177 850 Fabii

174 877 296 954 cognito
330 876 495 955 desperata
529 876 643 950 salute,
676 874 703 933 si
737 882 874 953 tempore
910 876 1017 935 eodem
1050 884 1177 936 coactus

176 971 259 1023 esset
282 969 313 1022 et
331 959 521 1036 [Romanum]
546 971 705 1021 externum
724 962 877 1020 sustinere
895 962 1016 1021 hostem
1031 968 1063 1021 et
1079 963 1177 1040 respi-

174 1069 243 1108 cere
265 1068 301 1108 ac
329 1049 436 1108 timere
464 1047 643 1126 oppidanos,
666 1054 792 1125 repente
821 1068 858 1107 ax
887 1067 922 1107 eo
944 1047 1011 1107 loco
1034 1067 1104 1107 cum
1127 1069 1177 1108 co·

173 1135 232 1213 piis
255 1134 372 1194 recedit
394 1155 451 1194 nec
474 1154 507 1193 se
531 1135 607 1193 satis
629 1140 729 1192 tutum
751 1132 818 1193 fore
841 1133 1016 1209 arbitratur,
1039 1134 1098 1193 uisi
1120 1133 1177 1193 flu-

173 1221 253 1283 mine
286 1221 405 1297 Ligeri,
446 1220 528 1296 quod
557 1227 624 1279 erat
650 1226 743 1296 ponte
776 1228 903 1298 propter
935 1219 1178 1297 magnitudinem

173 1306 402 1381 transeundum,
427 1306 531 1384 copias
559 1305 757 1364 traduxisset.
807 1304 923 1364 Fabius
952 1306 1011 1365 etsi
1042 1306 1178 1365 nondum

173 1393 205 1451 in
227 1400 424 1470 conspectum
446 1400 573 1452 venerat
594 1391 736 1450 hostibus
765 1411 864 1466 neque
892 1410 927 1451 se
956 1391 1081 1451 Caninio
1106 1413 1177 1452 con-

170 1478 324 1554 junxerat,
359 1486 462 1536 tamen
495 1477 603 1536 doctus
637 1478 675 1536 ab
708 1477 757 1552 iis,
791 1477 844 1552 qui
870 1478 1007 1537 locorum
1028 1486 1178 1538 noverant

173 1571 323 1639 naturam,
357 1564 551 1641 potissimum
592 1561 723 1622 credidit
755 1562 860 1623 hostes
894 1564 1074 1641 perterritos
1108 1584 1178 1624 eum

174 1650 289 1723 locum,
327 1669 416 1725 quem
443 1651 599 1727 petebant,
633 1649 792 1726 petituros.
844 1650 955 1724 Itaque
985 1669 1053 1708 cum
1081 1651 1178 1728 copiis

175 1735 214 1794 ad
236 1735 368 1794 eundem
388 1744 514 1813 pontem
536 1735 693 1794 contendit
715 1735 944 1810 equitatumque
966 1742 1084 1794 tantum
1105 1757 1177 1814 pro·

175 1820 283 1880 cedere
313 1828 383 1880 ante
412 1841 521 1898 agmen
547 1822 678 1899 imperat
705 1821 875 1898 legionum,
911 1828 1056 1897 quantum
1085 1842 1179 1897 quum

173 1907 385 1984 processisset,
418 1908 483 1966 sine
514 1906 731 1983 defatigatione
765 1927 910 1982 equorum
942 1908 975 1966 in
1007 1907 1114 1966 eadem
1144 1928 1178 1968 se

174 1992 325 2068 reciperet
347 1998 457 2050 castra.
505 1992 739 2068 Consequuutur
761 1994 880 2068 equites
907 1994 1020 2067 nostri,
1050 2001 1084 2051 ut
1112 2004 1178 2054 erat

174 2084 380 2155 praeceptum,
408 2078 618 2153 invaduntque
645 2078 798 2137 Dumnaci
828 2100 936 2157 agmen
965 2087 995 2139 et
1023 2079 1177 2156 firgientes

174 2164 414 2241 perterritosque
448 2164 504 2222 sub
538 2165 667 2224 sarcinis
700 2164 732 2222 in
765 2164 872 2224 itinere
901 2165 1039 2243 aggressi
1067 2186 1179 2244 magna

173 2250 280 2328 praeda
303 2250 407 2308 multis
429 2249 601 2310 interfectis
629 2251 795 2329 potiuntur.
840 2251 892 2310 Ita
919 2272 952 2310 re
979 2253 1060 2312 bene
1088 2261 1178 2329 gesta

174 2355 209 2395 se
231 2336 382 2413 recipiunt
403 2337 435 2394 in
457 2344 567 2395 castra.

260 2421 418 2482 XXVIII.
453 2422 632 2498 Insequenti
648 2428 738 2480 nocte
748 2420 863 2480 Fabius
883 2422 1000 2496 equites
1020 2424 1180 2501 praemittIt

175 2508 219 2566 sic
247 2514 386 2585 paratos,
416 2515 450 2566 ut
474 2507 672 2584 confligerent
705 2515 796 2583 atque
826 2527 913 2566 omne
942 2529 1051 2585 agmen
1080 2529 1179 2569 mora·

174 2600 289 2668 rentur,
313 2593 384 2651 dum
404 2601 642 2669 consequeretur
659 2593 736 2670 ipse.
766 2591 861 2669 Cujus
879 2595 1043 2672 praeceptis
1060 2603 1096 2653 ut
1112 2616 1179 2655 mos

175 2685 342 2755 gereretur,
362 2678 398 2749 Q.
418 2679 510 2738 Atius
528 2680 645 2753 Varus,
664 2678 830 2756 praefectus
845 2680 995 2755 equitum,
1015 2681 1179 2757 singularis

177 2774 208 2822 et
240 2764 330 2822 animi
364 2773 395 2822 et
427 2764 598 2841 prudentiae
631 2765 693 2839 vir,
728 2784 800 2824 suos
833 2765 973 2824 hortatur
1009 2786 1179 2844 agmenque

175 2849 307 2908 hostium
327 2856 509 2908 consecutus
532 2859 648 2910 turmas
670 2852 782 2930 partim
799 2851 916 2910 idoneis
939 2852 1015 2912 locis
1033 2853 1178 2931 disponit,

175 2935 287 3012 partim
311 2935 446 3011 equitum
472 2936 613 3013 proelium
642 2937 811 2996 committit.
858 2936 1002 3015 Confligit
1030 2938 1178 2999 audacius

177 3021 330 3096 equitatus
352 3021 487 3080 hostium
509 3021 744 3081 succedentibus
768 3023 827 3082 sibi
848 3023 1014 3100 peditibus,
1038 3024 1090 3099 qui
1112 3033 1178 3084 toto

176 3107 296 3183 agmine
319 3107 523 3166 subsistentes
546 3108 700 3184 equitibus
724 3110 788 3167 suis
812 3117 918 3168 contra
934 3117 1057 3169 nostros
1074 3109 1179 3169 ferunt

180 3192 332 3251 auxilium.
377 3192 428 3250 Fit
449 3194 591 3270 proelium
618 3194 681 3253 acri
711 3196 892 3269 certamine,
921 3215 1053 3271 namque
1080 3197 1180 3256 nostri

176 3278 358 3355 contemptis
380 3278 478 3355 pridie
501 3281 652 3357 superatis
675 3280 816 3339 hostibus
839 3301 930 3356 quum
962 3282 1108 3357 subsequi
1136 3283 1178 3342 le·

176 3364 283 3441 giones
316 3364 538 3441 meminissent,
574 3373 605 3424 et
637 3365 754 3443 pudore
788 3366 915 3426 cedendi
949 3374 981 3425 et
1010 3367 1179 3444 cupiditate

175 3469 231 3528 per
271 3469 305 3508 se
346 3448 527 3509 conficiendi
566 3452 665 3529 proelii
705 3450 872 3511 fortissime
912 3459 1019 3511 contra
1056 3452 1178 3530 pedites

179 3535 369 3614 proeliantur,
398 3536 563 3612 hostesque
591 3537 666 3596 nihil
696 3538 824 3615 amplius
854 3538 1009 3616 copiarum
1036 3558 1177 3598 accessu·

175 3642 243 3680 rum
266 3621 435 3696 credentes,
459 3629 493 3680 ut
514 3621 612 3700 pridie
635 3629 849 3699 cognoverant,
874 3622 995 3683 delendi
1023 3624 1178 3699 equitatus

176 3708 273 3766 nostri
294 3707 377 3766 nacti
400 3708 591 3766 occasionem
613 3708 805 3767 videbantur.

232 3825 233 3829 ,
261 3792 385 3852 XXIX.
421 3793 521 3864 Quum
544 3792 729 3868 aliquamdiu
752 3813 870 3853 summa
886 3795 1078 3855 contentione
1091 3795 1177 3854 dimi-

178 3885 308 3954 caretur,
331 3879 508 3938 Dumnacus
531 3879 655 3938 iustruit
678 3879 782 3954 aciem,
807 3899 875 3955 quae
899 3881 963 3940 suis
986 3887 1069 3941 esset
1093 3882 1177 3957 equi·

176 3964 258 4022 tibus
280 3964 312 4022 iu
334 3963 432 4023 vicem
454 3964 612 4042 praesidio,
645 3985 738 4039 quum
764 3973 890 4043 repente
914 3965 1061 4027 confertae
1083 3968 1177 4045 legio-
