2670 4456
589 282 708 336 LIBER
726 282 764 338 II.
1127 293 1168 352 37

164 484 212 536 tes
234 476 354 552 insequi
377 476 532 551 auderent,
555 477 676 537 interim
704 478 839 554 legiones
871 498 935 554 sex,
965 499 1032 555 quae
1061 481 1168 557 primae

164 572 322 637 venerant,
346 581 438 639 opere
461 562 597 621 dimenso
621 570 722 622 castra
744 565 861 623 munire
885 572 1051 642 coeperunt.
1103 566 1166 625 Ubi

164 649 262 726 prima
284 647 501 724 impedimenta
522 649 619 707 nostri
643 649 795 708 exercitus
811 651 856 729 ,ab
879 651 927 725 iis,
952 652 1002 726 qui
1026 651 1056 710 in
1080 652 1168 712 silvis

166 734 260 793 abditi
283 734 428 808 latebant,
451 735 520 794 visa
542 741 628 809 sunt,
652 734 733 811 quod
755 742 875 814 tempus
903 736 982 796 inter
1012 757 1065 796 eos
1088 758 1168 797 com·

165 819 305 879 mittendi
338 819 438 896 proelii
472 828 666 895 convenerat,
701 821 745 879 ita
778 829 812 879 ut
844 822 924 880 intra
955 823 1049 883 silvas
1073 824 1169 883 aciem

165 905 348 981 ordinesque
371 906 593 965 constituerant
618 914 708 982 atque
730 907 790 984 ipsi
812 927 881 967 sese
905 907 1166 979 confirmaverant,

165 992 265 1051 subito
305 991 443 1050 omnibus
488 992 584 1069 copiis
628 993 865 1070 provolaverunt
897 994 1104 1071 impetumque
1137 997 1169 1054 in

164 1084 285 1136 nostros
309 1077 426 1152 equites
450 1076 595 1137 feocmmt.
651 1078 709 1137 His
739 1078 828 1137 facile
856 1079 953 1157 pulsis
985 1100 1020 1138 ac
1048 1088 1167 1158 protur-

164 1163 245 1221 batis
273 1162 443 1222 incredibili
472 1164 627 1223 celeritate
656 1164 695 1223 ad
717 1163 829 1224 flumen
858 1165 1105 1240 decucurrerunt,
1134 1174 1169 1226 ut

163 1268 251 1326 paene
284 1269 344 1307 uno
377 1257 513 1326 tempore
542 1256 572 1308 et
602 1249 642 1308 ad
664 1250 758 1310 silvas
788 1258 818 1309 et
846 1251 877 1309 in
905 1249 1028 1310 flumine
1052 1251 1167 1328 etjam

164 1335 197 1393 in
217 1334 358 1393 manibus
391 1336 505 1393 nostris
538 1337 643 1394 hostes
674 1336 858 1396 viderentur.
914 1337 1030 1396 Eadem
1067 1345 1168 1398 autem

166 1421 323 1479 celeritate
356 1421 486 1480 adverso
522 1421 599 1481 colle
633 1422 672 1480 ad
704 1431 810 1481 nostra
844 1430 946 1482 castra
979 1432 1070 1499 atque
1104 1444 1167 1500 eos,

166 1506 216 1582 qui
237 1507 269 1563 in
292 1526 382 1583 opere
406 1508 545 1584 occupati
568 1517 663 1582 crant,
688 1509 917 1568 contenderunt.

249 1591 324 1649 XX.
382 1590 496 1650 Gaesari
525 1593 624 1651 omnia
656 1614 715 1652 uno
749 1601 885 1671 tempore
915 1602 1001 1653 erant
1030 1595 1163 1672 agenda:

165 1677 309 1737 vexillum
348 1678 576 1756 proponendum
616 1675 708 1753 [quod
741 1686 806 1738 erat
838 1680 950 1756 ingine,
992 1701 1084 1755 quum
1124 1681 1164 1739 ad

166 1783 248 1822 arma
271 1765 410 1822 concurri
433 1762 606 1841 oporteretl,
630 1765 750 1841 signum
772 1767 846 1823 tuba
866 1765 997 1824 dandum
1015 1768 1052 1825 ab
1074 1786 1165 1844 opere

164 1849 327 1909 revocandi
363 1850 488 1925 milites,
524 1851 575 1925 qui
606 1851 696 1927 paulo
736 1851 855 1927 longius
889 1852 1009 1928 aggeris
1043 1852 1168 1930 petendi

166 1955 258 1993 causa
279 1943 509 2012 processerant,
540 1936 730 2012 arcessendi,
759 1937 840 1995 acies
868 1937 1061 2013 instruenda,
1090 1938 1167 1996 mili-

166 2028 213 2080 tes
237 2020 430 2094 cohortandi,
468 2023 587 2098 signum
617 2022 764 2096 dandum;
800 2043 927 2099 quarum
954 2044 1056 2083 rerum
1083 2045 1167 2101 mag-

164 2127 233 2165 nam
265 2117 384 2184 partem
417 2109 562 2185 temporis
595 2109 731 2168 brevitas
765 2116 795 2167 et
834 2129 995 2168 successus
1035 2110 1167 2168 hostium

164 2192 358 2269 impediebat.
404 2194 462 2252 His
486 2193 716 2252 difficultatibus
740 2195 808 2252 duae
831 2215 881 2254 res
909 2204 996 2254 erant
1019 2196 1166 2271 subsidio,

164 2278 292 2336 scientia
314 2286 405 2354 atque
435 2299 510 2338 usus
539 2280 675 2354 militum,
707 2280 786 2355 quod
815 2281 1022 2358 superioribus
1050 2281 1167 2358 proeliis

163 2363 329 2438 exercitati,
362 2365 435 2439 quid
462 2364 529 2424 fieri
563 2372 731 2442 oporteret,
771 2386 832 2423 non
869 2367 969 2424 minus
1010 2367 1167 2425 commode

162 2448 220 2526 ipsi
244 2449 304 2507 sibi
325 2451 535 2526 praescribere,
560 2470 650 2524 quam
673 2451 710 2508 ab
735 2451 802 2509 aliis
826 2451 926 2510 doceri
955 2458 1105 2528 poterant,
1136 2460 1166 2511 et

163 2534 245 2610 quod
279 2536 316 2593 ab
352 2555 442 2613 opere
476 2536 666 2611 singulisque
694 2536 865 2612 legionibus
888 2537 1024 2614 singulos
1047 2538 1166 2614 legatos

164 2619 268 2678 Gaesar
291 2619 448 2680 discedere
472 2622 532 2680 nisi
553 2621 678 2680 munitis
691 2622 799 2681 castris
811 2630 959 2682 vetuerat.
987 2624 1031 2681 Hi
1041 2631 1166 2702 propter

162 2706 420 2784 propinquitatem
443 2716 473 2766 et
496 2707 680 2766 celeritatem
703 2707 834 2767 hostium
857 2710 931 2768 nihil
950 2709 1016 2786 jam
1034 2709 1165 2768 Gaesaris

162 2793 320 2869 imperium
343 2795 554 2870 expectabant,
578 2793 633 2852 sed
656 2814 711 2871 per
734 2813 777 2870 se,
802 2815 869 2870 quae
897 2795 1089 2870 videbantur,
1114 2795 1165 2854 ad-

163 2878 386 2936 ministrabant.

247 2963 339 3021 XXI.
376 2963 480 3023 Caesar
501 2965 683 3024 necessariis
705 2966 797 3024 rebus
820 2966 975 3042 imperatis
998 2966 1037 3025 ad
1060 2966 1165 3024 cohor-

163 3048 273 3108 tandos
296 3049 418 3125 milites,
443 3070 533 3125 quam
556 3050 587 3108 in
609 3057 728 3128 partem
750 3050 815 3109 fors
845 3051 963 3125 obtulit,
995 3051 1167 3111 decucurrit

164 3135 256 3193 etad
279 3135 432 3212 legionem
455 3136 603 3194 decimam
625 3135 758 3196 devenit.
804 3137 919 3195 Milites
948 3157 1007 3195 non
1029 3137 1166 3214 longiore

164 3221 299 3279 oratione
324 3223 508 3296 cohortatus,
533 3242 624 3298 quam
645 3223 689 3280 uti
712 3242 776 3280 suae
798 3223 935 3299 pristinae
958 3223 1081 3283 virtutis
1103 3244 1165 3284 me-

162 3307 288 3364 moriam
309 3307 476 3366 retinerent
498 3327 556 3366 neu
578 3309 830 3385 perturbarentur
859 3309 956 3367 animo
973 3309 1165 3385 hostiumque

162 3392 308 3468 impetum
335 3391 456 3452 fortiter
485 3394 685 3466 sustinerent,
716 3393 796 3468 quod
824 3415 884 3452 non
911 3394 1032 3471 longius
1060 3395 1165 3454 hostes

164 3478 299 3552 aberant,
324 3498 414 3553 quam
437 3499 495 3555 quo
518 3479 612 3538 telum
636 3478 728 3554 adjici
749 3487 870 3556 posset,
901 3481 1000 3557 proelii
1031 3483 1164 3540 commit-

89 3612 96 3620 .
163 3563 247 3621 tendi
270 3564 389 3640 signum
413 3564 506 3623 dedit.
552 3566 655 3640 Atque
677 3565 708 3622 in
733 3566 859 3624 alteram
881 3573 999 3643 partem
1021 3567 1093 3624 item
1116 3586 1164 3624 co-

162 3648 304 3707 hortandi
326 3669 419 3708 causa
441 3649 597 3728 profectus
619 3651 827 3727 pugnantibus
851 3651 991 3709 occurrit.
1036 3651 1164 3728 Tempo-

161 3734 204 3792 ris
227 3741 314 3793 tanta
335 3735 394 3794 fuit
416 3736 567 3812 exiguitas
589 3735 782 3812 hostiumque
810 3744 872 3795 tam
899 3743 1024 3813 paratus
1053 3735 1092 3794 ad
1120 3737 1164 3794 di-

163 3820 335 3879 micandum
358 3822 487 3896 animus,
510 3829 627 3880 utnon
650 3822 740 3881 modo
771 3821 810 3880 ad
837 3822 969 3898 insignia
997 3840 1163 3881 accommo-

163 3903 271 3981 danda,
303 3907 357 3965 sed
385 3908 477 3967 etiam
496 3908 536 3965 ad
559 3908 663 3984 galeas
693 3908 881 3966 inducendas
910 3907 1065 3981 scutisque
1087 3910 1164 3985 tegi-

162 3998 264 4050 menta
287 3991 474 4052 detrahenda
501 4000 622 4070 tempus
652 3993 793 4053 defuerit.
848 3992 944 4065 Quam
975 3993 1102 4069 quisque
1126 3996 1164 4053 ab
