2670 4456
571 283 691 338 LIBER
709 284 747 340 11.
1124 294 1165 351 39

163 480 317 540 oriebatur
339 480 449 557 aliique
472 481 562 539 aliam
589 480 620 538 in
647 487 766 557 partem
794 480 948 558 perterriti
977 478 1163 540 terebantur.

165 565 282 639 Quibus
305 567 443 626 omnibus
465 567 558 626 rebus
580 565 709 643 permoti
731 566 848 641 equites
878 566 1006 640 Treviri,
1038 586 1165 642 quorum

164 653 245 712 inter
274 651 381 712 Gallos
413 652 535 714 virtutis
570 651 670 730 opinio
699 658 747 710 est
774 651 952 729 singularis,
981 652 1033 727 qui
1061 652 1165 712 auxilii
1254 704 1257 710 .

165 758 257 798 causa
291 738 328 796 ab
363 739 486 799 civitate
520 737 559 797 ad
582 736 734 796 Caesarem
766 737 851 796 missi
885 745 1041 812 venerant,
1073 758 1165 814 quum

164 823 355 883 multitudine
388 825 521 884 hostium
554 829 656 883 caetra
688 823 832 900 compleri
864 831 986 897 nostra,
1028 824 1163 900 legiones

163 910 258 988 premi
292 916 323 968 et
354 929 442 988 paene
475 910 699 969 circumventas
729 909 839 983 teneri,
874 909 1006 983 calones,
1036 911 1163 985 equites,

163 994 348 1070 funditores,
383 995 531 1056 Numidas
565 995 703 1055 diversos
737 993 961 1072 dissipatosque
993 994 1025 1051 in
1059 1015 1163 1055 omnes

162 1088 266 1160 partes
300 1080 407 1158 fugere
436 1081 602 1156 vidissent,
636 1080 806 1158 desperatis
838 1080 952 1139 nostris
985 1079 1076 1139 rebus
1111 1081 1164 1140 do·
1200 1141 1203 1147 ,

163 1187 244 1226 mum
266 1167 501 1242 contenderunt;
532 1167 686 1226 Romanos
714 1166 819 1244 pulsos
848 1173 1084 1243 superatosque,
1114 1187 1163 1226 ce-

163 1253 235 1312 stris
257 1253 540 1330 impedimentisque
563 1273 667 1312 eorum
688 1252 793 1311 hostes
815 1252 944 1330 potitos,
974 1251 1090 1311 civitati
1117 1272 1163 1311 re-

163 1339 389 1399 nuntiaverunt.

248 1423 351 1484 XXV.
398 1423 502 1483 Oaesar
524 1424 561 1483 ab
585 1423 709 1483 decimae
732 1423 861 1500 legionis
889 1423 1096 1483 cohortatione
1125 1424 1165 1483 ad

164 1510 304 1569 dextrum
326 1530 419 1569 cornu
441 1508 614 1588 profectuS,
643 1510 695 1568 ubi
723 1528 794 1569 suos
825 1509 926 1586 urgeri
955 1509 1110 1587 signisque
1132 1511 1164 1568 in

163 1616 257 1655 unum
279 1596 381 1654 locum
404 1595 522 1655 collatis
545 1594 731 1654 duodecimae
754 1595 882 1671 legionis
905 1593 1059 1655 confertos
1086 1595 1163 1654 mili-

163 1689 211 1741 tes
233 1682 292 1741 sibi
313 1683 397 1760 ipsos
421 1681 459 1741 ad
481 1701 614 1759 pugnam
637 1698 704 1740 esse
727 1679 940 1758 impedimento
963 1680 1049 1755 vidit,
1073 1701 1162 1757 quar-

162 1775 204 1826 tae
227 1768 360 1827 cohortis
390 1768 528 1826 omnibus
558 1766 784 1826 centurionibus
819 1765 927 1825 occisis
956 1765 1162 1843 signiferoque

163 1852 331 1929 interiecto,
356 1854 441 1931 signo
465 1853 586 1928 amisso,
616 1852 801 1928 reliquarum
828 1851 995 1910 cohortium
1023 1851 1162 1912 omnibus

162 1938 228 1998 fere
251 1939 477 1998 centurionibus
500 1946 552 1998 aut
573 1939 740 1999 vulneratis
763 1944 816 1996 aut
838 1937 956 2013 occisis,
979 1937 1010 2003 in
1032 1938 1079 1998 his
1102 1938 1162 2015 pri-

162 2025 266 2103 mipilo
290 2026 334 2083 ·P.
360 2024 464 2084 Sextio
486 2024 612 2101 Bacu10,
646 2023 810 2083 fortissimo
844 2023 924 2098 vire,
957 2023 1061 2082 multis
1094 2045 1162 2101 gra-

162 2111 311 2186 vibusque
333 2111 510 2171 vulneribus
532 2109 680 2186 confecto,
710 2117 745 2169 ut
770 2109 835 2186 jam
863 2128 896 2168 se
924 2109 1075 2169 sustinere
1102 2130 1164 2168 non

162 2203 277 2275 posset,
300 2197 433 2273 reliquos
456 2216 524 2256 esse
546 2196 696 2255 tardiores
724 2203 755 2253 et
776 2195 936 2254 nonnullos
967 2195 1004 2253 ab
1032 2195 1162 2256 novissi-

162 2283 219 2342 mis
243 2281 364 2341 deserto
387 2283 493 2360 proelio
517 2281 663 2341 excedere
692 2302 728 2339 ac
750 2281 812 2340 tela
839 2280 945 2354 vitare,
976 2280 1080 2339 hostes
1109 2301 1161 2339 ne-

162 2388 221 2444 que
256 2388 273 2426 a
306 2367 407 2427 fronte
435 2388 473 2426 ex
498 2366 642 2426 inferiore
671 2367 737 2424 loco
767 2367 933 2424 subeuntes
961 2365 1162 2425 intermittere

163 2462 194 2513 et
227 2454 265 2512 ab
299 2461 427 2529 utroque
460 2454 555 2512 latere
588 2453 703 2511 instare
736 2457 767 2509 et
788 2470 852 2509 rem
882 2469 950 2509 esse
978 2451 1009 2509 in
1032 2459 1162 2528 angusto

162 2539 249 2615 vidit,
272 2559 371 2614 neque
392 2539 488 2598 ullum
511 2557 580 2597 esse
603 2536 780 2610 subsidium,
805 2535 887 2611 quod
914 2537 1062 2596 summitti
1091 2557 1162 2614 pos·

156 2622 224 2684 set:
249 2632 335 2684 scuto
359 2625 396 2684 ab
418 2624 593 2686 novissimis
614 2623 667 2682 uni
688 2622 776 2681 militi
806 2622 957 2695 detracto,
987 2622 1068 2697 quod
1095 2623 1162 2702 ipse

163 2731 198 2770 eo
221 2710 287 2770 sine
310 2719 396 2770 scuto
419 2718 553 2786 venerat,
582 2709 614 2768 in
639 2709 767 2787 primam
796 2708 891 2767 aciem
907 2709 1068 2786 processit,
1093 2729 1162 2769 cen-

63 2802 68 2815 “
161 2796 392 2872 turionibusque
418 2797 595 2856 nominatim
628 2795 790 2874 appellatis
817 2794 950 2869 reliquos
986 2795 1162 2856 cohortatus

163 2883 273 2941 milites
307 2882 395 2958 signa
427 2881 538 2942 inferre
578 2888 609 2940 et
640 2880 809 2958 manipulos
842 2880 945 2939 laxare
975 2879 1068 2956 jusit,
1103 2901 1162 2956 quo

161 2966 282 3027 facilius
315 2967 426 3045 gladiis
454 2969 498 3027 uti
525 2973 660 3046 possent.
715 2965 809 3042 Cujus
833 2965 966 3025 adventu
994 2985 1049 3043 spe
1076 2965 1162 3026 illata

162 3053 309 3112 militibus
332 3074 367 3112 ac
389 3053 595 3130 redintegrato
619 3052 726 3127 animo,
762 3071 855 3128 quum
886 3070 941 3128 pro
976 3070 1009 3110 se
1033 3051 1163 3126 quisque

163 3139 194 3197 in
217 3146 382 3217 conspectu
409 3139 600 3218 imperatoris
629 3138 719 3197 etiem
747 3137 780 3195 in
808 3136 950 3195 extremis
979 3136 1042 3195 suis
1070 3138 1163 3197 rebus

162 3244 286 3302 operam
307 3245 420 3286 navare
444 3232 578 3302 cuperet,
601 3224 726 3301 paulum
747 3222 881 3282 hostium
902 3222 1034 3299 impetus
1061 3222 1163 3282 tarda-

162 3317 214 3369 tus
238 3317 294 3370 est.

249 3394 370 3455 XXVI.
406 3394 510 3455 Caesar
527 3416 620 3471 quum
638 3395 798 3473 septimam
814 3393 973 3469 legionem,
991 3413 1059 3469 quae
1074 3394 1165 3471 juxta

163 3481 352 3556 constiterat,
375 3481 448 3541 item
470 3482 572 3559 urgeri
595 3483 632 3541 ab
656 3482 743 3540 hoste
766 3478 903 3554 vidisset,
927 3479 1064 3539 tribunos
1086 3481 1163 3538 mili-

164 3573 229 3625 tum
250 3567 376 3642 monuit,
398 3574 433 3626 ut
453 3568 600 3645 paulatim
628 3586 696 3626 sese
723 3565 858 3643 legiones
887 3564 1106 3642 conjungerent
1134 3573 1164 3623 et

165 3672 313 3713 conversa
346 3653 433 3729 signa
465 3653 497 3711 in
517 3654 623 3713 hostes
650 3651 805 3712 inferrent.
864 3649 931 3721 Quo
965 3649 1047 3709 facto
1071 3669 1164 3725 quum

165 3738 242 3797 alius
276 3739 327 3797 alii
361 3738 531 3798 subsidium
564 3739 659 3798 ferret
690 3757 788 3813 neque
821 3737 958 3811 timeret,
991 3754 1029 3793 ne
1064 3735 1165 3795 aversi

165 3825 203 3882 ab
226 3825 315 3883 hoste
338 3824 637 3900 circumvenirentur,
661 3823 806 3883 audacius
828 3822 972 3881 resistere
995 3818 1163 3880 solertius

164 3930 301 3988 pugnare
324 3918 488 3988 eoeperunt.
544 3910 672 3968 Interim
699 3909 810 3968 milites
846 3907 997 3982 legionum
1025 3905 1162 3982 duarum,

166 4015 233 4072 quae
255 3996 287 4054 in
308 3996 473 4056 novissimo
496 3995 615 4072 agmine
631 3994 773 4073 praesidio
791 3991 1014 4071 impedimentis
1031 3991 1162 4069 fuerant,
