2670 4456
573 271 744 325 ntennv.
1121 281 1162 338 89

163 488 200 526 ex
225 466 332 545 proelio
366 465 462 543 elapsi
495 466 620 525 incertis
653 466 814 525 itineribus
847 485 903 543 per
936 465 1031 527 silvas
1066 466 1105 524 ad
1129 467 1164 526 Τ.

162 553 332 611 Labienum
361 551 495 627 legatum
522 551 554 609 in
582 551 710 611 hiberna
731 552 915 630 perveniunt
933 559 1025 628 atque
1043 572 1111 612 eum
1128 551 1166 611 de

163 639 254 698 rebus
277 636 375 714 gestis
398 637 558 695 certiorem
579 635 705 696 faciunt.

247 721 437 782 XXXVIII.
483 722 551 781 Hac
574 722 703 782 victoria
726 722 864 781 sublatus
876 721 1036 781 Ambiorix
1063 723 1168 782 statim

125 885 128 890 ,
162 829 230 868 cum
252 807 389 883 equitatu
416 807 448 865 in
471 807 665 882 Aduatucos,
698 808 749 884 qui
780 815 867 866 erant
894 807 961 882 ejus
984 828 1078 884 regne
1101 807 1166 866 fini·

162 895 235 969 timi,
259 891 477 971 proficiscitur3
501 912 600 968 neque
622 901 742 953 noctem
764 912 863 968 neque
890 893 970 952 diem
992 893 1167 952 intermittit

162 979 392 1059 peditatumque
405 996 473 1037 sese
492 979 638 1054 subsequi
651 978 749 1055 jubet.
784 979 831 1038 Re
844 978 1052 1038 demonstrata
1063 979 1167 1037 Adua-

163 1065 304 1140 tucisque
328 1063 487 1123 concitatis
510 1071 633 1141 postero
657 1064 705 1122 die
728 1064 759 1122 in
781 1063 913 1124 Nervios
935 1063 1076 1142 pervenit
1098 1064 1167 1122 hor·

163 1158 315 1225 taturque,
338 1168 376 1208 ne
399 1149 447 1207 sui
468 1149 500 1209 in
521 1157 702 1227 perpetuum
724 1149 874 1208 liberandi
891 1157 982 1225 etque
1000 1149 1168 1208 ulciscendi

162 1237 317 1296 Romanos
346 1255 401 1312 pro
431 1235 485 1309 iis,
516 1254 592 1311 quas
617 1235 801 1312 acceperint,
830 1235 951 1311 injuriis
975 1235 1167 1294 occasionem

163 1322 330 1394 dimittant3
354 1319 533 1379 interfectos
556 1339 625 1380 esse
644 1318 765 1398 legatos
788 1321 864 1380 duos
887 1340 1086 1397 magnamque
1098 1341 1167 1398 par-

163 1415 224 1467 tem
258 1405 410 1465 exercitus
438 1406 580 1465 interisse
614 1406 816 1480 demonstrat3
851 1406 927 1465 nihil
956 1425 1024 1465 esse
1053 1406 1168 1482 negotii

164 1492 265 1551 subito
289 1509 466 1568 oppressam
487 1491 648 1569 legionem,
677 1511 745 1567 quae
776 1511 844 1550 cum
868 1491 1013 1550 Cicerone
1043 1491 1165 1566 hiemet,

163 1575 307 1651 interfici;
337 1595 371 1635 se
400 1577 439 1636 ad
467 1597 534 1636 eam
560 1597 625 1636 rem
651 1576 813 1655 profitetur
835 1576 1014 1653 adjutorem.
1061 1576 1167 1635 Facile

165 1663 221 1722 hac
244 1661 380 1722 oratione
402 1662 526 1723 Nerviis
547 1662 722 1740 persuadet.

248 1745 406 1806 XXXIX.
452 1749 562 1824 Itaque
581 1747 742 1806 confestim
759 1746 893 1805 dimissis
910 1745 1025 1805 nuntiis
1039 1745 1078 1804 ad
1091 1745 1167 1804 Ceu·

164 1834 277 1908 tiones,
308 1832 452 1906 Crudios‚
480 1834 629 1908 Levaoos,
658 1832 861 1905 Pleumoxios,
894 1831 1087 1907 Ceidunnos,
1117 1832 1169 1907 qui

164 1937 268 1977 omnes
299 1919 355 1977 sub
380 1937 484 1976 eorum
506 1919 631 1997 imperio
656 1925 740 1992 sunt,
770 1937 862 1993 quam
890 1917 1037 1976 maximas
1060 1937 1167 1976 manus

163 2010 302 2081 possunt,
332 2009 446 2079 cogunt
475 2012 506 2063 et
536 2004 574 2063 de
602 2005 769 2082 improvise
800 2003 840 2063 ad
863 2002 1017 2063 Ciceronis
1040 2003 1168 2062 hiberna

164 2089 309 2149 advolant
340 2087 475 2147 nondum
509 2089 548 2148 ad
581 2111 649 2150 eum
677 2089 760 2158 fama
788 2089 826 2149 de
848 2089 958 2147 Titurii
980 2095 1077 2147 morte
1099 2109 1168 2165 per-

163 2175 234 2234 lata.
279 2175 340 2233 Hic
374 2194 494 2250 quoque
523 2175 644 2251 accidit,
680 2175 761 2250 quod
789 2174 848 2233 fuit
869 2194 1006 2248 necesse,
1038 2180 1072 2231 ut
1093 2194 1168 2232 non·

163 2260 238 2319 nulli
260 2259 380 2334 milites,
405 2261 456 2336 qui
478 2260 653 2338 lignationis
676 2260 912 2335 munitionisque
942 2278 1035 2317 causa
1062 2258 1095 2316 in
1117 2260 1168 2317 sil-

164 2365 220 2405 vas
243 2345 469 2420 discessissent,
492 2346 651 2423 repentino
680 2347 815 2421 equitum
844 2344 979 2403 adventu
1006 2343 1168 2420 intercipe·

164 2438 278 2490 rentur.
322 2430 382 2489 His
405 2431 630 2507 circumventis,
654 2451 764 2507 magna
786 2450 877 2488 manu
896 2429 1067 2502 Eburones,
1091 2426 1168 2488 Ner-

165 2517 216 2591 vii,
239 2516 394 2576 Aduatuci
416 2523 507 2592 atque
529 2517 637 2576 herum
660 2516 791 2575 omnium
820 2513 895 2574 socii
918 2521 948 2572 et
977 2514 1103 2573 clientes
1127 2514 1168 2574 le-

164 2602 284 2678 gionem
314 2622 490 2679 oppugnare
523 2602 684 2679 incipiunt;
719 2601 816 2660 nostri
850 2599 989 2660 celeriter
1017 2599 1055 2658 ad
1086 2620 1169 2659 arma

166 2693 358 2762 concurrunt,
382 2687 496 2746 vallum
519 2687 735 2747 conscendunt.
786 2687 880 2763 AEgre
908 2686 935 2744 is
959 2685 1025 2744 dies
1049 2693 1168 2745 susten·
1272 2739 1275 2743 J

166 2779 257 2846 tatur,
287 2772 369 2847 quod
397 2793 516 2832 omnem
539 2793 624 2850 spem
652 2773 757 2833 hostes
780 2773 811 2831 in
834 2772 991 2831 celeritate
1013 2772 1168 2848 ponebant

167 2865 257 2932 atque
278 2857 356 2916 hanc
379 2856 482 2936 adepti
503 2859 663 2918 victoriam
684 2860 717 2917 in
738 2865 919 2936 perpetuum
948 2876 981 2916 se
1009 2856 1075 2915 fore
1104 2857 1167 2916 vic-

165 2950 247 3002 tores
271 2941 473 3002 confidebant.

250 3028 320 3086 XL.
354 3029 518 3087 Mittuntur
540 3030 579 3088 ad
602 3029 754 3088 Caesarem
777 3027 938 3087 confestim
962 3028 999 3085 ab
1024 3025 1172 3085 Cicerone

167 3113 279 3173 litterae
302 3113 421 3190 magnis
443 3115 609 3193 propositis
631 3115 774 3193 praemiis,
806 3114 832 3171 si
854 3112 1061 3190 pertulissent.
1107 3111 1168 3170 Ob-

167 3199 262 3258 sessis
285 3199 425 3258 omnibus
447 3200 505 3259 viis
528 3201 614 3259 missi
636 3199 878 3277 intercipiuntur.
918 3197 1021 3257 Noctu
1045 3217 1082 3255 ex
1106 3218 1168 3256 ma-

166 3285 251 3359 teria,
276 3304 367 3360 quam
389 3285 564 3344 munitionis
584 3305 677 3344 causa
694 3290 968 3361 comportaverant,
991 3290 1092 3341 turres
1117 3283 1168 3342 ad·

167 3370 289 3429 modum
301 3369 390 3429 CXX
407 3370 579 3430 excitantur
595 3369 767 3430 incredibili
784 3369 954 3443 celeritate;
980 3388 1047 3445 quae
1060 3369 1168 3428 deesse

168 3455 252 3533 operi
270 3454 461 3530 videbantur,
479 3455 685 3534 perficiuntur.
728 3455 844 3514 Hostes
861 3461 985 3533 postero
1006 3454 1055 3513 die
1073 3455 1168 3527 multo

166 3539 333 3617 majeribus
356 3542 470 3600 coactis
494 3543 590 3621 copiis
613 3548 714 3600 castra
737 3547 924 3618 oppugnant,
947 3538 1064 3597 fossam
1088 3559 1167 3596 oom-

166 3626 260 3704 plent.
305 3625 422 3685 Eadem
443 3627 569 3701 ratione,
594 3647 654 3701 qua
675 3625 782 3703 pridie,
806 3626 844 3684 ab
866 3625 980 3683 nestris
999 3623 1167 3696 resistitur;

166 3711 224 3770 hoo
246 3710 327 3770 idem
348 3711 473 3787 reliquis
496 3712 640 3791 deinceps
662 3711 698 3770 fit
720 3711 837 3769 diebus.
882 3709 974 3769 Nulla
1002 3727 1074 3785 pars
1096 3728 1168 3767 noc·

167 3797 250 3854 turni
271 3797 417 3874 temporis
440 3796 479 3854 ad
500 3797 635 3856 laborem
656 3796 879 3868 intermittitur;
902 3814 963 3852 non
985 3793 1085 3869 aegris,
1108 3813 1169 3852 nen

168 3881 335 3942 vulneratis
357 3880 490 3940 facultas
514 3882 624 3956 quietis
647 3882 752 3956 datum
777 3897 965 3956 quaecunque
984 3878 1022 3936 ad
1039 3879 1170 3957 proximi

169 3966 229 4025 diei
274 3967 530 4044 oppugnationem
574 3986 650 4045 opus
685 3975 770 4041 sunt,
810 3972 903 4023 noctu
938 3970 1167 4041 comparantur3
