2670 4456
185 264 246 320 100
500 255 552 308 DE
573 252 698 307 BELLO
718 253 896 307 GALLICO.

184 455 326 526 possent,
356 468 467 525 magno
490 450 609 526 pecoris
638 456 729 523 atque
760 448 914 506 hominum
942 467 1068 506 numero
1084 446 1189 525 ‘capto

184 540 275 608 atque
298 554 334 592 aa
356 533 461 610 praeda
483 534 630 592 militibus
659 552 806 592 concessa
834 532 1025 608 vastatisque
1054 534 1136 610 agris
1159 534 1192 592 in

184 619 369 677 deditionem
396 619 502 678 venire
531 627 622 693 atque
650 619 774 677 obsides
804 619 862 676 sibi
891 617 964 675 dare
988 619 1096 695 coegit.
1142 619 1190 677 Eo

183 704 323 762 celeriter
356 703 496 763 confecto
530 705 652 781 negotio
686 723 793 762 rursus
826 703 856 761 in
891 703 1018 761 hiberna
1050 704 1190 780 legiones

182 788 311 847 reduxit.
370 789 504 848 Concilio
540 790 648 848 Galliae
682 789 779 866 primo
813 808 900 862 vere,
935 795 969 846 ut
1001 789 1189 863 instituerat,

182 874 297 932 indicto
321 895 413 949 quum
441 876 551 950 reliqui
583 882 697 952 praeter
728 874 873 948 Senones,
905 873 1054 932 Carnutes
1085 875 1190 934 Trevi-

182 978 294 1034 rosque
316 961 484 1034 venissent,
508 960 628 1018 initium
663 959 735 1018 belli
766 980 801 1017 ac
831 958 1012 1018 defectionis
1040 960 1098 1017 hoc
1122 979 1192 1018 esse

184 1045 365 1117 arbitratus,
407 1052 441 1102 ut
470 1046 569 1104 omnia
602 1053 787 1122 postponere
820 1044 992 1117 videretur,
1029 1045 1192 1102 concilium

183 1129 336 1188 Lutetiam
358 1122 545 1189 Parisiorum
563 1130 720 1190 transfert.
757 1129 898 1188 Confines
918 1136 1004 1188 erant
1020 1130 1052 1188 hi
1065 1129 1191 1188 Senoni-

182 1216 240 1272 bus
264 1216 479 1290 civitatemque
501 1223 623 1293 patrum
645 1216 791 1275 memoria
819 1215 1049 1291 conjunxerant,
1073 1215 1130 1274 sed
1153 1216 1190 1274 ab

183 1300 239 1358 hoo
263 1301 389 1359 consilio
424 1300 540 1359 afuisse
574 1302 836 1360 existimabantur.
887 1301 955 1359 Hac
983 1321 1016 1359 re
1039 1321 1095 1377 pro
1119 1320 1191 1377 sug-

182 1391 274 1461 gestu
295 1386 492 1462 pronuntiata
514 1387 621 1445 eodem
650 1387 698 1445 die
730 1407 799 1445 cum
820 1386 992 1462 legionibus
1010 1385 1192 1446 inSenones

182 1468 386 1547 proficiscitur
409 1472 587 1547 magnisque
609 1472 769 1530 itineribus
793 1492 828 1530 eo
851 1472 1000 1548 pervenit.

269 1556 324 1614 IV.
372 1555 500 1633 Cognito
525 1558 592 1634 ejus
616 1558 751 1618 adventu
768 1558 861 1631 Acco,
887 1556 938 1631 qui
961 1557 1104 1634 princeps
1124 1557 1192 1633 ejus

184 1641 302 1699 consilii
323 1641 434 1716 fuerat,
454 1643 545 1718 jubet
566 1643 598 1701 in
621 1643 735 1720 oppida
765 1643 988 1700 multitudinem
1012 1642 1190 1716 convenire,

185 1726 374 1802 conantibus,
399 1729 577 1805 priusquam
599 1728 632 1786 id
654 1727 735 1787 effici
756 1734 872 1805 posset,
904 1727 1012 1786 adesse
1035 1728 1192 1786 Romanos

182 1812 339 1870 nuntiatur
346 1834 353 1887 3
377 1815 551 1872 necessario
575 1814 727 1872 sententia
752 1813 906 1872 desistunt
937 1813 1117 1889 legatosque
1141 1813 1192 1872 de·

183 1897 331 1973 precandi
354 1918 447 1957 eausa
476 1900 513 1958 ad
544 1899 697 1959 Caesarem
725 1899 865 1972 mittunt3
896 1897 1010 1957 adeunt
1037 1918 1093 1976 per
1120 1897 1193 1957 Hae-

185 1981 271 2056 duos,
296 2002 424 2056 quorum
447 1985 615 2059 antiquitus
639 1992 704 2043 erat
726 1985 757 2042 in
787 1983 846 2043 fide
876 1984 993 2044 civitas.
1046 1984 1194 2043 Libenter

185 2064 290 2124 Caesar
311 2069 487 2145 petentibus
515 2069 645 2128 Haeduis
674 2070 728 2128 dat
755 2070 876 2129 veniam
905 2069 1194 2144 excusationemque

185 2151 304 2228 accipit,
329 2153 410 2228 quod
433 2155 574 2214 aestivum
596 2162 718 2234 tempus
745 2155 891 2214 instantis
914 2155 996 2229 belli,
1025 2175 1087 2213 non
1110 2174 1193 2229 quae-

184 2237 292 2296 ationis
326 2258 394 2298 esse
425 2241 641 2316 arbitrabatur,
671 2240 829 2301 obsidibus
857 2241 1014 2318 imperatis
1055 2247 1193 2314 centum;

183 2323 239 2381 hos
270 2324 400 2384 Haeduis
430 2327 648 2386 custodiendos
676 2326 780 2385 tradit.
826 2325 944 2384 Eodem
967 2324 1119 2384 Carnutes
1152 2325 1194 2384 le-

183 2414 272 2483 gatos
285 2411 470 2486 obsidesque
489 2413 615 2471 mittunt
638 2413 686 2471 usi
710 2412 960 2488 deprecatoribus
979 2411 1095 2484 Remis,
1120 2430 1194 2484 quo-

183 2513 251 2550 rum
275 2503 361 2553 erant
383 2497 414 2554 in
437 2497 593 2570 clientela;
619 2496 726 2557 eadem
747 2496 852 2556 ierunt
873 2516 1031 2574 responsa.
1067 2496 1195 2573 Peragit

185 2579 345 2637 concilium
369 2580 473 2640 Caesar
497 2583 674 2658 equitesque
697 2583 827 2660 imperat
849 2582 1033 2641 civitatibus.

270 2664 308 2722 V.
343 2664 411 2724 Hac
433 2673 521 2743 parte
534 2667 642 2726 Galliae
660 2675 770 2745 pacata
785 2673 869 2725 totus
890 2674 920 2724 et
937 2674 1039 2725 mente
1051 2674 1081 2724 et
1093 2666 1194 2724 animo

184 2747 216 2804 in
238 2749 352 2806 bellum
375 2751 570 2811 Trevirorum
593 2759 624 2811 et
641 2753 828 2828 Ambiorigis
850 2752 974 2810 insistit.
1009 2751 1195 2811 Cavarinum

186 2852 255 2889 cum
277 2835 415 2908 equitatu
439 2836 590 2895 Senonum
614 2857 717 2896 secum
745 2837 899 2916 proficisci
917 2837 1022 2913 jubet,
1056 2857 1095 2895 ne
1125 2837 1194 2912 quis

186 2924 238 2974 aut
261 2938 298 2976 ex
321 2919 412 2996 hujus
435 2922 592 2980 iracundia
615 2931 668 2982 aut
691 2944 728 2982 ex
752 2943 796 2999 eo,
821 2923 903 2998 quod
924 2929 1092 2996 meruerat,
1124 2921 1194 2980 odio

186 3003 320 3063 civitatis
343 3014 443 3066 motus
467 3008 588 3066 existat.
634 3009 693 3067 His
715 3009 809 3068 rebus
833 3008 1017 3082 constitutis,
1042 3007 1126 3082 quod
1137 3027 1193 3084 pro

186 3089 343 3164 explorato
377 3093 512 3152 habebat
539 3093 748 3171 Ambiorigem
781 3094 888 3171 proelio
922 3114 983 3152 non
1018 3112 1087 3151 esse
1122 3112 1193 3152 eon·
1291 3148 1295 3153 .

186 3179 381 3250 certaturum,
405 3179 523 3254 reliqua
546 3179 613 3255 ejus
637 3180 763 3239 consilia
786 3180 884 3237 animo
914 3176 1192 3255 circumspiciebat.

186 3257 285 3316 Erant
311 3261 446 3340 Menapii
481 3264 643 3342 propinqui
671 3265 850 3324 Eburonum
879 3262 1006 3338 finibus,
1035 3263 1193 3340 perpetuis

185 3343 349 3418 paludibus
378 3348 525 3424 silvisque
547 3350 669 3424 muniti,
705 3351 756 3426 qui
783 3351 836 3408 uni
859 3369 895 3408 ex
927 3348 1027 3408 Callia
1056 3347 1094 3406 de
1117 3367 1194 3425 pace

186 3427 226 3484 ad
249 3427 402 3490 Caesarem
425 3434 543 3510 legatos
564 3456 719 3510 nunquam
741 3435 896 3494 miserant.
943 3433 1019 3492 Cum
1046 3433 1094 3492 his
1123 3451 1193 3491 esse

187 3511 352 3591 hospitium
373 3519 544 3597 Ambiorigi
568 3521 694 3594 sciebat,
722 3521 796 3578 item
824 3540 880 3597 per
902 3519 1046 3580 Treviros
1069 3518 1193 3577 venisse

188 3596 348 3662 Germanis
371 3605 401 3662 in
426 3606 589 3664 amicitiam
612 3613 806 3682 cognoverat.
851 3604 929 3663 Haec
957 3604 1043 3681 prius
1072 3603 1116 3661 illi
1140 3602 1192 3660 de-

186 3685 334 3746 trahenda
362 3691 473 3749 auxilia
506 3691 715 3763 existimabat,
751 3710 841 3765 quam
857 3691 958 3768 ipsum
984 3689 1065 3749 bello
1095 3689 1191 3748 laces-

187 3778 278 3846 seret,
302 3793 341 3831 ne
364 3774 527 3852 desperata
561 3776 659 3833 salute
692 3782 745 3832 aut
773 3795 806 3833 se
828 3775 860 3833 in
881 3775 1041 3852 Menapios
1065 3773 1193 3833 abderet
1302 3794 1307 3801 ·

188 3859 241 3911 aut
263 3876 332 3916 cum
354 3859 597 3919 Transrhenanis
627 3860 772 3936 congredi
799 3868 968 3937 cogeretur.
1019 3860 1088 3918 Hoc
1115 3858 1191 3917 inito

188 3940 312 4002 consilio
342 3945 438 4004 totius
467 3946 618 4006 exercitus
647 3945 863 4023 impedimenta
896 3946 935 4004 ad
962 3946 1133 4005 Labienum
1159 3943 1192 4002 in
