2670 4456
165 253 225 309 142
470 241 523 294 DE
541 239 668 294 BELLO
688 237 857 293 GALLICO

164 460 223 515 que
250 436 421 496 interfectis
443 433 617 496 Novioduni
651 432 838 508 custodibuS,
874 433 986 508 quique
1015 451 1050 491 eo
1073 449 1169 507 nego·

163 524 260 583 tiandi
283 521 346 595 [aut
367 519 494 594 itineris]
518 542 611 580 causa
642 526 862 593 convenerant,
891 517 1053 596 pecuniam
1075 523 1171 593 atque

165 629 260 686 equos
282 610 362 666 inter
385 628 419 666 se
440 608 547 685 partiti
570 613 656 679 sunt,
686 605 809 664 obsides
841 604 999 664 civitatum
1020 603 1171 661 Bibracte

165 695 205 754 ad
226 694 437 770 magistratum
460 693 655 752 deducendos
678 697 875 763 curaverunt;
901 689 1054 768 oppidum,
1086 688 1171 764 quod

166 803 183 840 a
207 800 240 838 se
263 780 359 838 teneri
380 800 441 839 non
462 798 555 856 posse
574 777 766 855 judicabant,
788 796 827 834 ne
851 776 900 834 cui
922 782 1005 834 esset
1022 775 1093 833 usui
1104 774 1170 832 Ro-

167 866 275 940 manis,
309 865 529 938 incenderimt3
564 863 708 922 frumenti
742 862 823 938 quod
858 862 957 920 subito
991 867 1171 938 potuerunt,

166 952 296 1012 navibus
319 957 501 1025 avexerunt,
525 950 675 1025 reliquum
697 948 821 1006 flumine
833 955 924 1021 atque
943 945 1084 1005 incendio
1103 965 1172 1003 eor-

166 1043 332 1115 ruperunt;
369 1037 428 1114 ipsi
461 1056 498 1094 ex
531 1035 668 1094 finitimis
702 1034 877 1110 regionibus
911 1033 1015 1110 copias
1050 1051 1171 1109 cogere,

169 1122 315 1201 praesidia
338 1122 554 1196 custodiasque
577 1121 616 1180 ad
638 1121 721 1197 ripas
744 1120 866 1196 Ligeris
902 1118 1062 1197 disponere
1086 1117 1172 1192 equi-

167 1217 325 1283 tatumque
348 1208 488 1267 omnibus
510 1208 587 1266 loeis
616 1205 772 1283 injiciendi
800 1205 918 1263 timoris
947 1222 1039 1262 causa
1069 1208 1173 1261 osten·

168 1303 234 1353 tare
257 1302 425 1370 coeperimt,
451 1294 477 1350 si
500 1294 537 1351 ab
561 1312 594 1350 re
616 1291 816 1350 frumentaria
838 1291 994 1348 Romanos
1007 1287 1174 1348 excludere

168 1386 305 1457 possent.
352 1378 450 1449 Quam
473 1378 511 1437 ad
534 1398 620 1454 spem
648 1377 777 1435 multum
800 1396 852 1434 eos
881 1374 1058 1451 adjuvabat,
1090 1373 1174 1448 quod

169 1466 266 1540 Liger
288 1484 326 1522 ex
358 1464 481 1522 nivibus
516 1472 663 1537 creverat,
697 1472 731 1521 ut
754 1461 874 1520 omnino
890 1461 970 1520 vado
993 1480 1054 1518 non
1075 1478 1173 1536 posse

172 1549 296 1609 transiri
318 1548 482 1608 videretur¹

260 1634 344 1693 LVI.
392 1634 509 1706 Quibus
539 1637 631 1693 rebus
660 1634 790 1710 cognitis
822 1632 926 1690 Caesar
957 1629 1176 1689 maturandum

174 1721 232 1780 sibi
256 1721 383 1794 censuit,
408 1720 435 1779 si
458 1728 541 1779 esset
562 1721 592 1778 in
615 1718 808 1797 perficiendis
831 1719 976 1796 pontibus
999 1716 1175 1794 periclitan-

172 1807 253 1880 dum,
290 1814 334 1880 ut,
368 1807 546 1883 priusquam
579 1813 682 1864 essent
704 1804 835 1881 majores
864 1824 899 1862 eo
928 1810 1041 1862 coactae
1065 1802 1174 1878 copiae,

172 1891 338 1950 dimicaret.
384 1891 463 1950 Nam
485 1900 519 1949 ut
542 1898 724 1950 commutato
748 1890 873 1949 consilio
904 1890 963 1948 iter
991 1889 1023 1946 in
1049 1887 1174 1964 provin-

173 1978 251 2035 ciam
274 1983 473 2050 converteret,
496 1977 529 2034 id
550 1997 588 2035 ne
610 1990 694 2035 metu
717 1976 838 2051 quidem
860 1974 1034 2033 necessario
1057 1971 1176 2030 facien-

174 2062 246 2119 dum
269 2061 471 2137 existimabat,
501 2082 592 2137 quum
616 2063 703 2137 ‘quod
730 2061 855 2120 infamia
885 2068 975 2135 atque
1004 2057 1173 2135 indignitas

174 2147 218 2205 rei
252 2154 283 2205 et
315 2148 474 2224 oppositus
507 2167 594 2206 mons
629 2147 770 2206 Cevenna
803 2147 981 2221 viarumque
1005 2143 1174 2202 difficultas

173 2232 367 2310 impediebat,
391 2240 455 2291 tum
478 2234 616 2307 maxime,
640 2233 721 2308 quod
750 2234 893 2308 abjuncto
917 2231 1052 2290 Labieno
1082 2236 1177 2303 atque

174 2319 211 2376 iis
234 2318 414 2394 legionibus,
450 2339 525 2394 quas
557 2340 618 2377 una
647 2320 780 2393 miserat,
814 2318 1009 2377 vehementer
1037 2315 1176 2373 timebat.

174 2405 284 2479 Itaque
308 2403 469 2463 admodum
491 2405 609 2482 magnis
633 2405 748 2463 diurnis
770 2404 988 2478 nocturnisque
1010 2401 1173 2459 itineribus

176 2488 324 2548 confectis
353 2497 459 2549 contra
490 2492 621 2549 omnium
648 2491 819 2568 opinionem
846 2488 885 2548 ad
914 2488 1049 2565 Ligerim
1077 2486 1175 2560 venit,

175 2574 314 2648 vadoque
336 2595 391 2652 per
414 2576 532 2650 equites
554 2576 677 2636 invento
700 2597 754 2653 pro
783 2576 828 2634 rei
855 2574 1040 2633 necessitate
1064 2591 1176 2648 oppor-
1203 2566 1212 2579 '

175 2667 259 2734 tuno,
293 2669 328 2717 ut
366 2660 492 2719 brachia
524 2662 613 2720 modo
647 2669 738 2736 atque
772 2660 888 2719 humeri
925 2660 964 2718 ad
997 2655 1179 2718 sustinenda

176 2765 259 2803 arma
280 2744 368 2802 liberi
397 2746 434 2803 ab
463 2765 542 2820 aqua
570 2766 638 2805 esse
671 2754 814 2824 possent,
846 2746 993 2822 disposito
1027 2743 1177 2819 equitatu,

177 2830 229 2906 qui
262 2829 323 2888 vim
362 2828 494 2889 fluminis
533 2831 732 2908 refringeret,
773 2840 865 2906 atque
904 2831 1043 2889 hostibus
1077 2828 1176 2905 primo

177 2922 304 2992 aspectu
325 2916 511 2991 perturbatis
533 2916 715 2975 incolumem
749 2918 916 2976 exercitum
949 2915 1085 2974 traduxit
1113 2912 1179 2971 fru-

176 3009 371 3075 mentumque
393 3001 424 3059 in
447 3002 529 3078 agris
553 3010 584 3060 et
611 3003 731 3080 pecoris
761 3003 879 3081 copiam
907 3009 1031 3075 nactus,
1060 2999 1179 3076 repleto

176 3086 224 3144 his
247 3087 339 3145 rebus
363 3087 498 3145 exercitu
519 3088 578 3147 iter
600 3089 631 3146 in
655 3089 791 3146 Senones
814 3086 914 3146 facere
937 3087 1077 3167 instituit.

262 3171 364 3230 LVII.
409 3173 491 3230 Dum
506 3174 573 3232 haec
591 3173 672 3250 apud
685 3173 836 3232 Caesarem
853 3180 1009 3249 geruntur,
1022 3170 1179 3230 Labienus

178 3277 212 3314 eo
236 3257 457 3333 supplemento,
482 3258 564 3334 quod
585 3279 682 3337 nuper
711 3279 747 3317 ex
777 3259 870 3317 Italia
899 3266 1040 3327 venerat,
1070 3255 1178 3313 relicto

176 3340 337 3417 Agedinci,
360 3350 395 3400 ut
417 3351 500 3402 esset
521 3344 744 3421 impedimentis
766 3343 920 3421 praesidio,
944 3363 1013 3402 cum
1033 3346 1178 3416 quattuor

177 3426 347 3502 legionibus
364 3428 518 3488 Lutetiam
535 3429 746 3507 proficiscitur.
792 3429 831 3487 Id
854 3436 902 3488 est
924 3428 1069 3506 oppidum
1091 3425 1178 3482 Pari-

178 3513 300 3586 siorum,
331 3513 412 3588 quod
439 3516 572 3591 positum
601 3524 649 3575 est
677 3516 708 3574 in
738 3516 837 3574 insula
859 3514 993 3573 fluminis
1017 3513 1179 3586 Sequanae.

179 3596 274 3674 Cujus
298 3598 430 3658 adventu
453 3602 491 3658 ab
519 3601 659 3661 hostibus
688 3601 809 3678 cognito
837 3620 955 3677 magnae
984 3620 1022 3658 ex
1043 3595 1180 3675 finitimis

180 3684 355 3744 civitatibus
379 3686 473 3763 copiae
497 3694 713 3746 convenerunt.
760 3685 883 3745 Summa
904 3685 1023 3762 imperii
1047 3681 1180 3741 traditur

180 3767 382 3846 Camulogeno
405 3771 547 3847 Aulerco,
573 3773 624 3848 qui
645 3791 741 3850 prope
769 3771 927 3830 confectus
958 3777 1048 3830 aetate
1077 3776 1181 3826 tamen

178 3861 304 3930 propter
327 3857 510 3933 singularem
533 3858 690 3916 scientiam
712 3857 756 3916 rei
784 3856 924 3915 militaris
958 3855 997 3915 ad
1030 3873 1099 3913 eum
1131 3857 1183 3909 est

184 3939 330 3998 honorem
353 3948 487 4000 evectus.
533 3943 566 4001 Is
595 3963 687 4018 quum
715 3940 980 4001 animadvertisset
1001 3944 1183 4018 perpetuam
