2670 4456
482 320 484 329 ·
549 246 670 299 LIBER
687 246 753 300 VII.
1102 255 1162 312 143

161 459 229 498 esse
251 441 404 517 paludem,
428 461 496 516 quae
524 440 664 500 influeret
691 441 722 499 in
753 440 925 516 Sequanam
955 449 1045 516 atque
1078 441 1163 500 illum

162 546 279 584 omnem
301 527 402 584 locum
435 546 621 604 magnopere
653 526 824 604 impediret,
859 527 909 586 hic
943 527 1081 586 consedit
1108 547 1161 586 no·

162 619 301 687 strosque
324 612 455 671 transitu
477 613 639 690 prohibere
661 612 801 670 instituit.
1223 688 1225 691 Ι

247 698 366 757 LVIII.
412 699 567 757 Labienus
589 698 687 776 primo
709 698 815 758 vineas
834 718 934 774 agere,
959 699 1094 757 cratibus
1118 705 1161 756 at-

163 804 221 859 que
250 804 362 861 aggere
391 784 535 861 paludem
563 786 689 861 explere·
715 790 806 858 atque
840 784 899 842 iter
926 784 1043 842 munire
1072 804 1162 842 cona-

162 871 259 927 batur.
305 871 472 944 Postquam
494 869 526 927 id
550 869 705 928 difficilius
729 868 851 928 confieri
875 869 1098 944 animadvertit,
1123 869 1161 927 si-

164 956 256 1013 lentio
280 975 296 1013 e
320 956 430 1013 castris
452 955 543 1013 tertia
566 955 670 1032 vigilia
693 975 846 1031 egressus,
871 954 992 1029 eodem,
1024 974 1081 1030 quo
1111 975 1162 1014 ve-

162 1048 257 1110 nerat,
291 1041 399 1098 itinere
433 1041 629 1099 Melcdtmum
661 1041 810 1118 pervenit.
867 1040 905 1098 Id
939 1047 986 1098 est
1019 1039 1163 1118 oppidum

163 1125 324 1200 Senonum,
357 1126 389 1184 in
422 1124 523 1185 insula
557 1127 706 1202 Sequanae
740 1126 882 1204 positum,
917 1133 951 1183 ut
977 1126 1068 1203 paulo
1092 1132 1162 1184 ante
1272 1155 1279 1181 r

162 1212 316 1269 Lutetiam
339 1211 479 1270 diximus.
514 1212 722 1290 Deprehensis
744 1212 874 1272 navibus
898 1211 1061 1271 circiterL
1085 1211 1162 1270 cele-

162 1297 296 1372 riterque
320 1297 492 1374 conjunctis
527 1305 617 1374 atque
652 1319 687 1357 eo
721 1298 870 1356 militibus
892 1297 1042 1375 impositis
1066 1302 1097 1355 et
1118 1296 1163 1355 rei

163 1384 298 1442 novitate
321 1383 491 1461 perterritis
515 1384 685 1462 oppidanis,
710 1403 837 1459 quorum
865 1403 975 1460 magna
1002 1402 1074 1460 pars
1098 1389 1164 1440 erat

164 1468 202 1526 ad
234 1468 348 1527 bellum
382 1476 525 1544 evocata,
568 1470 633 1528 sine
667 1469 860 1528 contentione
893 1469 1004 1546 oppido
1038 1468 1162 1545 potitur.

164 1553 294 1612 Refecto
318 1562 419 1632 ponte,
450 1574 540 1629 quem
571 1555 778 1632 superioribus
806 1554 914 1613 diebus
942 1555 1048 1613 hostes
1070 1553 1163 1612 resci-

165 1638 281 1708 derant,
306 1640 471 1698 exercitum
494 1639 628 1699 traducit
651 1649 682 1698 et
705 1639 839 1698 secundo
862 1638 986 1698 {iumine
1009 1639 1047 1697 ad
1070 1640 1162 1697 Lute-

164 1725 237 1782 tiam
259 1726 317 1783 iter
339 1724 441 1784 facere
464 1727 565 1803 coepit.
611 1727 727 1785 Hostes
755 1745 788 1783 re
818 1725 940 1801 cognita
968 1725 1005 1783 ab
1034 1724 1082 1798 iis,
1112 1723 1164 1798 qui

164 1810 327 1869 Meloduno
350 1811 560 1888 profugerant,
584 1813 738 1870 Lutetiam
760 1810 882 1869 incendi
903 1817 1072 1887 pontesque
1096 1807 1163 1884 ejus

165 1896 267 1973 oppidi
289 1896 421 1955 rescindi
441 1897 567 1973 jubent;
592 1898 650 1974 ipsi
673 1896 805 1974 profecti
828 1917 846 1954 a
867 1895 988 1974 palude,
1020 1895 1059 1953 ad
1080 1895 1163 1972 ripas

165 1981 313 2058 Sequanae
337 2002 353 2040 e
376 1983 498 2059 regione
521 1984 652 2042 Lutetiae
676 1991 782 2042 contra
804 1982 933 2040 Labieni
962 1988 1063 2040 castra
1093 2000 1163 2039 con-

165 2067 275 2125 sidunt.

250 2153 336 2212 LIX.
382 2153 453 2212 Jam
476 2153 581 2212 Oaesar
603 2175 621 2212 a
641 2154 794 2231 Gergovia
817 2154 999 2213 discessisse
1022 2151 1163 2210 audieba-

164 2245 222 2313 tur,
251 2238 316 2315 jam
344 2239 382 2297 de
412 2239 600 2298 Haeduorum
630 2239 801 2299 defectione
833 2246 863 2298 et
891 2237 1025 2297 secundo
1055 2235 1163 2295 Galliae

164 2332 247 2382 motu
269 2343 406 2382 rumores
419 2323 636 2400 afferebantur,
662 2325 803 2400 Gallique
825 2325 857 2382 in
880 2322 1048 2398 colloquiis,
1072 2322 1163 2379 inter-

165 2410 284 2468 clusum
315 2410 423 2468 itinere
452 2417 482 2468 et
505 2411 609 2486 Ligeri
633 2409 786 2469 Gaesarem
818 2409 920 2488 inopia
947 2407 1092 2466 frumenti
1115 2426 1176 2473 coe¹

165 2502 266 2554 actum
289 2496 320 2553 in
342 2495 531 2572 provinciam
544 2496 738 2554 contendisse
752 2494 979 2554 confirmabant.
1006 2491 1164 2551 Bellovaci

166 2588 266 2639 autem
289 2579 460 2640 defectione
472 2581 661 2640 Haeduorum
679 2583 809 2658 cognita,
834 2581 886 2656 qui
910 2587 979 2638 ante
1002 2585 1089 2637 erant
1110 2598 1165 2656 per

165 2685 198 2725 se
221 2665 369 2741 infideles,
393 2686 500 2725 manus
530 2687 638 2743 cogere
668 2675 759 2742 atque
787 2673 892 2744 aperte
914 2665 1028 2725 bellum
1057 2683 1165 2741 parare

164 2759 329 2829 coeperunt.
385 2752 463 2809 Tum
496 2752 651 2812 Labienus
684 2760 771 2812 tanta
803 2773 904 2812 rerum
932 2750 1165 2811 commutatione

164 2837 254 2914 longe
278 2837 360 2896 aliud
383 2838 441 2896 sibi
465 2838 646 2916 capiendum
669 2840 837 2914 consilium,
862 2846 953 2914 atque
976 2844 1066 2896 antea
1096 2855 1164 2894 sen-

164 2931 258 2999 serat,
293 2923 497 3000 intelligebat;
533 2945 632 3000 neque
662 2925 737 3002 jam,
778 2932 812 2983 ut
845 2924 959 2999 aliquid
993 2922 1165 2996 acquireret

163 3009 331 3086 proelioque
354 3009 458 3067 hostes
481 3009 657 3085 lacesseret,
689 3010 745 3070 sed
771 3017 806 3068 ut
826 3011 1009 3068 incolumem
1031 3005 1163 3066 excerci-

162 3101 226 3152 tum
248 3094 440 3171 Agedincum
462 3095 632 3171 reduceret,
656 3096 820 3174 ccgitabat.
854 3094 994 3168 Namque
1012 3093 1107 3150 altera
1127 3111 1164 3148 ex

163 3187 251 3256 parte
273 3179 441 3255 Bellovaci,
467 3200 535 3255 quae
559 3181 667 3240 civitas
695 3183 727 3240 in
757 3181 857 3240 Gallia
878 3180 1039 3238 maximam
1071 3176 1165 3235 habet

165 3265 337 3344 opinionem
359 3266 492 3342 virtutiS,
514 3266 685 3342 instabant,
715 3268 843 3326 alteram
867 3265 1088 3340 Camulogenus
1111 3282 1164 3339 pa-

163 3358 230 3409 rato
255 3357 345 3426 atque
367 3351 516 3410 instructo
551 3353 686 3412 exercitu
709 3353 847 3426 tenebat,
882 3358 947 3409 tum
979 3349 1116 3426 legiones
1147 3368 1165 3405 a

163 3437 306 3513 praesidio
338 3444 429 3512 atque
457 3437 681 3514 impedimentis
709 3437 892 3497 interclusas
919 3435 1082 3494 maximum
1108 3432 1163 3490 flu-

163 3542 232 3581 men
269 3522 443 3581 distinebat.
489 3523 596 3582 Tantis
631 3524 731 3582 subito
769 3522 1000 3581 difficultatibus
1035 3518 1164 3594 objectis

164 3608 202 3666 ab
228 3608 319 3666 animi
341 3608 455 3668 virtute
479 3608 621 3667 auxilium
644 3609 809 3686 petendum
830 3609 964 3669 videbat.

249 3692 317 3750 LX.
363 3694 473 3768 Itaque
497 3694 553 3752 sub
577 3714 740 3772 vesperum
769 3694 894 3753 consilio
924 3695 1090 3751 convocato
1109 3707 1158 3746 co-

163 3779 311 3853 hortatus,
335 3785 369 3836 ut
392 3798 436 3853 ea,
467 3797 534 3853 quae
558 3779 749 3858 imperasset,
774 3780 935 3856 diligenter
952 3774 1163 3848 industrieque

166 3864 421 3939 administrarent,
444 3882 549 3938 naves,
573 3885 650 3939 quas
674 3887 692 3924 a
710 3865 874 3925 Melodunc
899 3861 1074 3934 deduxerat,
1099 3859 1161 3916 sin-

163 3949 252 4025 gulas
275 3949 428 4024 equitibus
450 3948 597 4008 Romanis
620 3951 759 4010 attribuit
781 3957 812 4009 et
833 3949 931 4027 prima
953 3943 1093 4004 confecta
1116 3944 1160 4003 vi-
