<?xml version="1.0" encoding="UTF-8"?>
<!DOCTYPE html PUBLIC "-//W3C//DTD XHTML 1.0 Transitional//EN"
    "http://www.w3.org/TR/xhtml1/DTD/xhtml1-transitional.dtd">
<html xmlns="http://www.w3.org/1999/xhtml" xml:lang="en" lang="en">
 <head>
  <title>
</title>
<meta http-equiv="Content-Type" content="text/html;charset=utf-8" />
  <meta name='ocr-system' content='tesseract 3.04.00' />
  <meta name='ocr-capabilities' content='ocr_page ocr_carea ocr_par ocr_line ocrx_word'/>
</head>
<body>
  <div class='ocr_page' id='page_1' title='image "./debellogallico00caesgoog_0153.png"; bbox 0 0 2670 4456; ppageno 0'>
   <div class='ocr_carea' id='block_1_1' title="bbox 192 250 894 320">
    <p class='ocr_par' dir='ltr' id='par_1_1' title="bbox 192 250 894 320">
     <span class='ocr_line' id='line_1_1' title="bbox 192 250 894 320; baseline 0.001 -16"><span class='ocrx_word' id='word_1_1' title='bbox 192 263 253 320; x_wconf 85' lang='lat'>144</span> <span class='ocrx_word' id='word_1_2' title='bbox 507 253 560 306; x_wconf 87' lang='lat' dir='ltr'>DE</span> <span class='ocrx_word' id='word_1_3' title='bbox 578 251 705 305; x_wconf 84' lang='lat' dir='ltr'><strong>BELLO</strong></span> <span class='ocrx_word' id='word_1_4' title='bbox 724 250 894 306; x_wconf 83' lang='lat' dir='ltr'>GALLIOO</span> 
     </span>
    </p>
   </div>
   <div class='ocr_carea' id='block_1_2' title="bbox 174 445 1247 4033">
    <p class='ocr_par' dir='ltr' id='par_1_2' title="bbox 190 445 1197 1296">
     <span class='ocr_line' id='line_1_2' title="bbox 191 445 1195 526; baseline -0.003 -19"><span class='ocrx_word' id='word_1_5' title='bbox 191 449 264 526; x_wconf 85' lang='lat' dir='ltr'>gilia</span> <span class='ocrx_word' id='word_1_6' title='bbox 293 456 437 524; x_wconf 89' lang='lat' dir='ltr'>quattuor</span> <span class='ocrx_word' id='word_1_7' title='bbox 469 447 552 505; x_wconf 89' lang='lat' dir='ltr'>milia</span> <span class='ocrx_word' id='word_1_8' title='bbox 580 467 725 524; x_wconf 83' lang='lat' dir='ltr'>passuum</span> <span class='ocrx_word' id='word_1_9' title='bbox 755 446 890 505; x_wconf 89' lang='lat' dir='ltr'>secundo</span> <span class='ocrx_word' id='word_1_10' title='bbox 919 445 1042 504; x_wconf 91' lang='lat' dir='ltr'>flumine</span> <span class='ocrx_word' id='word_1_11' title='bbox 1072 445 1195 505; x_wconf 89' lang='lat' dir='ltr'>silentio</span> 
     </span>
     <span class='ocr_line' id='line_1_3' title="bbox 190 531 1195 613; baseline -0.001 -20"><span class='ocrx_word' id='word_1_12' title='bbox 190 534 334 613; x_wconf 81' lang='lat' dir='ltr'><strong>progredi</strong></span> <span class='ocrx_word' id='word_1_13' title='bbox 364 533 467 609; x_wconf 84' lang='lat' dir='ltr'>ibique</span> <span class='ocrx_word' id='word_1_14' title='bbox 490 552 523 591; x_wconf 92' lang='lat' dir='ltr'>se</span> <span class='ocrx_word' id='word_1_15' title='bbox 547 534 702 610; x_wconf 83' lang='lat' dir='ltr'>expectari</span> <span class='ocrx_word' id='word_1_16' title='bbox 722 532 820 609; x_wconf 89' lang='lat' dir='ltr'>jubet.</span> <span class='ocrx_word' id='word_1_17' title='bbox 872 532 1013 608; x_wconf 81' lang='lat' dir='ltr'><strong>Quinque</strong></span> <span class='ocrx_word' id='word_1_18' title='bbox 1042 531 1195 608; x_wconf 82' lang='lat' dir='ltr'>cohortes,</span> 
     </span>
     <span class='ocr_line' id='line_1_4' title="bbox 192 617 1194 696; baseline -0.003 -17"><span class='ocrx_word' id='word_1_19' title='bbox 192 640 268 696; x_wconf 88' lang='lat' dir='ltr'>quas</span> <span class='ocrx_word' id='word_1_20' title='bbox 302 619 423 678; x_wconf 90' lang='lat' dir='ltr'>minime</span> <span class='ocrx_word' id='word_1_21' title='bbox 456 617 560 676; x_wconf 88' lang='lat' dir='ltr'>firmas</span> <span class='ocrx_word' id='word_1_22' title='bbox 595 619 634 677; x_wconf 88' lang='lat' dir='ltr'>ad</span> <span class='ocrx_word' id='word_1_23' title='bbox 667 617 872 677; x_wconf 87' lang='lat' dir='ltr'>dimicandum</span> <span class='ocrx_word' id='word_1_24' title='bbox 896 637 964 677; x_wconf 86' lang='lat' dir='ltr'>esse</span> <span class='ocrx_word' id='word_1_25' title='bbox 988 617 1194 692; x_wconf 85' lang='lat' dir='ltr'>existimabat,</span> 
     </span>
     <span class='ocr_line' id='line_1_5' title="bbox 192 703 1196 782; baseline 0 -18"><span class='ocrx_word' id='word_1_26' title='bbox 192 707 301 765; x_wconf 84' lang='lat' dir='ltr'>eastris</span> <span class='ocrx_word' id='word_1_27' title='bbox 323 704 468 782; x_wconf 86' lang='lat' dir='ltr'>praesidio</span> <span class='ocrx_word' id='word_1_28' title='bbox 491 704 651 779; x_wconf 89' lang='lat' dir='ltr'>relinquit;</span> <span class='ocrx_word' id='word_1_29' title='bbox 676 705 809 779; x_wconf 91' lang='lat' dir='ltr'>quinque</span> <span class='ocrx_word' id='word_1_30' title='bbox 833 703 970 780; x_wconf 89' lang='lat' dir='ltr'>ejusdem</span> <span class='ocrx_word' id='word_1_31' title='bbox 993 703 1124 779; x_wconf 84' lang='lat' dir='ltr'>legionis</span> <span class='ocrx_word' id='word_1_32' title='bbox 1147 725 1196 764; x_wconf 93' lang='lat' dir='ltr'>re-</span> 
     </span>
     <span class='ocr_line' id='line_1_6' title="bbox 191 789 1197 867; baseline -0.003 -17"><span class='ocrx_word' id='word_1_33' title='bbox 191 792 290 867; x_wconf 91' lang='lat' dir='ltr'>liquas</span> <span class='ocrx_word' id='word_1_34' title='bbox 320 791 358 849; x_wconf 90' lang='lat' dir='ltr'>de</span> <span class='ocrx_word' id='word_1_35' title='bbox 388 790 488 848; x_wconf 90' lang='lat' dir='ltr'>media</span> <span class='ocrx_word' id='word_1_36' title='bbox 515 798 605 849; x_wconf 89' lang='lat' dir='ltr'>nocte</span> <span class='ocrx_word' id='word_1_37' title='bbox 635 810 704 848; x_wconf 91' lang='lat' dir='ltr'>cum</span> <span class='ocrx_word' id='word_1_38' title='bbox 733 790 872 848; x_wconf 92' lang='lat' dir='ltr'>omnibus</span> <span class='ocrx_word' id='word_1_39' title='bbox 895 789 1120 867; x_wconf 72' lang='lat' dir='ltr'>impedimentis</span> <span class='ocrx_word' id='word_1_40' title='bbox 1143 790 1197 848; x_wconf 89' lang='lat' dir='ltr'>ad-</span> 
     </span>
     <span class='ocr_line' id='line_1_7' title="bbox 192 873 1197 953; baseline -0.001 -18"><span class='ocrx_word' id='word_1_41' title='bbox 192 896 283 936; x_wconf 90' lang='lat' dir='ltr'>verso</span> <span class='ocrx_word' id='word_1_42' title='bbox 306 875 428 934; x_wconf 90' lang='lat' dir='ltr'>flumine</span> <span class='ocrx_word' id='word_1_43' title='bbox 450 896 560 952; x_wconf 90' lang='lat' dir='ltr'>magno</span> <span class='ocrx_word' id='word_1_44' title='bbox 583 877 714 934; x_wconf 76' lang='lat' dir='ltr'><strong>tumultu</strong></span> <span class='ocrx_word' id='word_1_45' title='bbox 742 874 896 953; x_wconf 89' lang='lat' dir='ltr'>proficisci</span> <span class='ocrx_word' id='word_1_46' title='bbox 925 876 1063 953; x_wconf 89' lang='lat' dir='ltr'>imperat.</span> <span class='ocrx_word' id='word_1_47' title='bbox 1117 873 1197 934; x_wconf 83' lang='lat' dir='ltr'>Gon-</span> 
     </span>
     <span class='ocr_line' id='line_1_8' title="bbox 191 961 1197 1038; baseline -0.001 -17"><span class='ocrx_word' id='word_1_48' title='bbox 191 963 283 1038; x_wconf 87' lang='lat' dir='ltr'>quirit</span> <span class='ocrx_word' id='word_1_49' title='bbox 307 962 398 1021; x_wconf 87' lang='lat' dir='ltr'>etiam</span> <span class='ocrx_word' id='word_1_50' title='bbox 419 961 541 1036; x_wconf 74' lang='lat' dir='ltr'>lintres,</span> <span class='ocrx_word' id='word_1_51' title='bbox 565 962 621 1020; x_wconf 91' lang='lat' dir='ltr'>has</span> <span class='ocrx_word' id='word_1_52' title='bbox 643 982 753 1038; x_wconf 88' lang='lat' dir='ltr'>magno</span> <span class='ocrx_word' id='word_1_53' title='bbox 777 961 879 1019; x_wconf 92' lang='lat' dir='ltr'>sonitu</span> <span class='ocrx_word' id='word_1_54' title='bbox 907 981 1059 1020; x_wconf 91' lang='lat' dir='ltr'>remorum</span> <span class='ocrx_word' id='word_1_55' title='bbox 1087 961 1197 1020; x_wconf 87' lang='lat' dir='ltr'>incita-</span> 
     </span>
     <span class='ocr_line' id='line_1_9' title="bbox 190 1046 1196 1124; baseline -0.002 -18"><span class='ocrx_word' id='word_1_56' title='bbox 190 1056 239 1107; x_wconf 86' lang='lat' dir='ltr'>tas</span> <span class='ocrx_word' id='word_1_57' title='bbox 261 1049 291 1106; x_wconf 91' lang='lat' dir='ltr'>in</span> <span class='ocrx_word' id='word_1_58' title='bbox 315 1047 443 1106; x_wconf 90' lang='lat' dir='ltr'>eandem</span> <span class='ocrx_word' id='word_1_59' title='bbox 464 1055 582 1124; x_wconf 89' lang='lat' dir='ltr'>partem</span> <span class='ocrx_word' id='word_1_60' title='bbox 604 1048 707 1106; x_wconf 87' lang='lat' dir='ltr'>mittit.</span> <span class='ocrx_word' id='word_1_61' title='bbox 742 1048 816 1124; x_wconf 88' lang='lat' dir='ltr'>Ipse</span> <span class='ocrx_word' id='word_1_62' title='bbox 838 1055 909 1124; x_wconf 90' lang='lat' dir='ltr'>post</span> <span class='ocrx_word' id='word_1_63' title='bbox 930 1047 1054 1124; x_wconf 89' lang='lat' dir='ltr'>paulum</span> <span class='ocrx_word' id='word_1_64' title='bbox 1073 1046 1196 1105; x_wconf 90' lang='lat' dir='ltr'>silentio</span> 
     </span>
     <span class='ocr_line' id='line_1_10' title="bbox 191 1132 1196 1211; baseline -0.001 -19"><span class='ocrx_word' id='word_1_65' title='bbox 191 1153 335 1211; x_wconf 88' lang='lat' dir='ltr'>egressus</span> <span class='ocrx_word' id='word_1_66' title='bbox 359 1153 427 1191; x_wconf 88' lang='lat' dir='ltr'>cum</span> <span class='ocrx_word' id='word_1_67' title='bbox 449 1134 548 1192; x_wconf 89' lang='lat' dir='ltr'>tribus</span> <span class='ocrx_word' id='word_1_68' title='bbox 579 1133 750 1210; x_wconf 83' lang='lat' dir='ltr'>legionibus</span> <span class='ocrx_word' id='word_1_69' title='bbox 785 1152 854 1190; x_wconf 93' lang='lat' dir='ltr'>eum</span> <span class='ocrx_word' id='word_1_70' title='bbox 882 1133 983 1191; x_wconf 87' lang='lat' dir='ltr'>locum</span> <span class='ocrx_word' id='word_1_71' title='bbox 1011 1132 1103 1210; x_wconf 88' lang='lat' dir='ltr'>petit,</span> <span class='ocrx_word' id='word_1_72' title='bbox 1136 1153 1196 1207; x_wconf 91' lang='lat' dir='ltr'>quo</span> 
     </span>
     <span class='ocr_line' id='line_1_11' title="bbox 191 1217 587 1296; baseline -0.003 -19"><span class='ocrx_word' id='word_1_73' title='bbox 191 1239 286 1279; x_wconf 87' lang='lat' dir='ltr'>naves</span> <span class='ocrx_word' id='word_1_74' title='bbox 310 1219 423 1296; x_wconf 84' lang='lat' dir='ltr'>appelli</span> <span class='ocrx_word' id='word_1_75' title='bbox 442 1217 587 1294; x_wconf 84' lang='lat' dir='ltr'>jusserat.</span> 
     </span>
    </p>

    <p class='ocr_par' dir='ltr' id='par_1_3' title="bbox 190 1303 1247 2731">
     <span class='ocr_line' id='line_1_12' title="bbox 276 1303 1195 1380; baseline 0 -18"><span class='ocrx_word' id='word_1_76' title='bbox 276 1305 363 1362; x_wconf 84' lang='lat' dir='ltr'>LXI.</span> <span class='ocrx_word' id='word_1_77' title='bbox 398 1305 444 1362; x_wconf 86' lang='lat' dir='ltr'>Eo</span> <span class='ocrx_word' id='word_1_78' title='bbox 469 1324 561 1378; x_wconf 90' lang='lat' dir='ltr'>quum</span> <span class='ocrx_word' id='word_1_79' title='bbox 574 1312 657 1363; x_wconf 91' lang='lat' dir='ltr'>esset</span> <span class='ocrx_word' id='word_1_80' title='bbox 669 1312 802 1377; x_wconf 84' lang='lat' dir='ltr'>ventum,</span> <span class='ocrx_word' id='word_1_81' title='bbox 827 1303 1036 1380; x_wconf 78' lang='lat' dir='ltr'>exploratores</span> <span class='ocrx_word' id='word_1_82' title='bbox 1049 1303 1195 1379; x_wconf 89' lang='lat' dir='ltr'>hostium,</span> 
     </span>
     <span class='ocr_line' id='line_1_13' title="bbox 191 1389 1198 1467; baseline -0.002 -18"><span class='ocrx_word' id='word_1_83' title='bbox 191 1397 225 1448; x_wconf 94' lang='lat' dir='ltr'>ut</span> <span class='ocrx_word' id='word_1_84' title='bbox 247 1390 327 1449; x_wconf 90' lang='lat' dir='ltr'>omni</span> <span class='ocrx_word' id='word_1_85' title='bbox 348 1389 480 1448; x_wconf 90' lang='lat' dir='ltr'>fluminis</span> <span class='ocrx_word' id='word_1_86' title='bbox 502 1396 589 1467; x_wconf 90' lang='lat' dir='ltr'>parte</span> <span class='ocrx_word' id='word_1_87' title='bbox 612 1400 698 1448; x_wconf 91' lang='lat' dir='ltr'>erant</span> <span class='ocrx_word' id='word_1_88' title='bbox 720 1389 869 1467; x_wconf 78' lang='lat' dir='ltr'>dispositi,</span> <span class='ocrx_word' id='word_1_89' title='bbox 887 1389 1089 1466; x_wconf 84' lang='lat' dir='ltr'>inopinantes,</span> <span class='ocrx_word' id='word_1_90' title='bbox 1109 1390 1198 1464; x_wconf 93' lang='lat' dir='ltr'>quod</span> 
     </span>
     <span class='ocr_line' id='line_1_14' title="bbox 191 1475 1197 1553; baseline 0 -19"><span class='ocrx_word' id='word_1_91' title='bbox 191 1496 302 1552; x_wconf 88' lang='lat' dir='ltr'>magna</span> <span class='ocrx_word' id='word_1_92' title='bbox 330 1475 430 1533; x_wconf 88' lang='lat' dir='ltr'>subito</span> <span class='ocrx_word' id='word_1_93' title='bbox 459 1482 524 1533; x_wconf 90' lang='lat' dir='ltr'>erat</span> <span class='ocrx_word' id='word_1_94' title='bbox 555 1483 658 1533; x_wconf 88' lang='lat' dir='ltr'>coorta</span> <span class='ocrx_word' id='word_1_95' title='bbox 686 1484 863 1553; x_wconf 78' lang='lat' dir='ltr'>tempestas,</span> <span class='ocrx_word' id='word_1_96' title='bbox 888 1475 926 1532; x_wconf 90' lang='lat' dir='ltr'>ab</span> <span class='ocrx_word' id='word_1_97' title='bbox 950 1475 1064 1533; x_wconf 90' lang='lat' dir='ltr'>nostris</span> <span class='ocrx_word' id='word_1_98' title='bbox 1093 1476 1197 1552; x_wconf 85' lang='lat' dir='ltr'>oppri-</span> 
     </span>
     <span class='ocr_line' id='line_1_15' title="bbox 191 1559 1188 1636; baseline 0.001 -19"><span class='ocrx_word' id='word_1_99' title='bbox 191 1570 327 1635; x_wconf 89' lang='lat' dir='ltr'>muntur;</span> <span class='ocrx_word' id='word_1_100' title='bbox 353 1560 504 1618; x_wconf 84' lang='lat' dir='ltr'>exercitus</span> <span class='ocrx_word' id='word_1_101' title='bbox 528 1561 741 1636; x_wconf 83' lang='lat' dir='ltr'>equitatusque</span> <span class='ocrx_word' id='word_1_102' title='bbox 765 1561 918 1636; x_wconf 88' lang='lat' dir='ltr'>equitibus</span> <span class='ocrx_word' id='word_1_103' title='bbox 930 1559 1077 1619; x_wconf 88' lang='lat' dir='ltr'>Romanis</span> <span class='ocrx_word' id='word_1_104' title='bbox 1091 1560 1188 1619; x_wconf 89' lang='lat' dir='ltr'>admi-</span> 
     </span>
     <span class='ocr_line' id='line_1_16' title="bbox 190 1645 1231 1724; baseline 0 -20"><span class='ocrx_word' id='word_1_105' title='bbox 190 1647 401 1720; x_wconf 84' lang='lat' dir='ltr'>nistrantibus,</span> <span class='ocrx_word' id='word_1_106' title='bbox 426 1665 501 1721; x_wconf 91' lang='lat' dir='ltr'>quos</span> <span class='ocrx_word' id='word_1_107' title='bbox 525 1647 552 1705; x_wconf 89' lang='lat' dir='ltr'>ei</span> <span class='ocrx_word' id='word_1_108' title='bbox 574 1647 695 1723; x_wconf 92' lang='lat' dir='ltr'>negotio</span> <span class='ocrx_word' id='word_1_109' title='bbox 715 1645 906 1724; x_wconf 81' lang='lat' dir='ltr'>praefecerat,</span> <span class='ocrx_word' id='word_1_110' title='bbox 931 1646 1071 1705; x_wconf 77' lang='lat' dir='ltr'>celeriter</span> <span class='ocrx_word' id='word_1_111' title='bbox 1093 1653 1195 1704; x_wconf 90' lang='lat' dir='ltr'>trans·</span> <span class='ocrx_word' id='word_1_112' title='bbox 1228 1691 1231 1697; x_wconf 88' lang='lat'>.</span> 
     </span>
     <span class='ocr_line' id='line_1_17' title="bbox 191 1730 1196 1809; baseline 0.001 -19"><span class='ocrx_word' id='word_1_113' title='bbox 191 1732 330 1790; x_wconf 81' lang='lat' dir='ltr'>mittitur.</span> <span class='ocrx_word' id='word_1_114' title='bbox 379 1732 445 1790; x_wconf 95' lang='lat' dir='ltr'>Uno</span> <span class='ocrx_word' id='word_1_115' title='bbox 468 1730 533 1791; x_wconf 76' lang='lat' dir='ltr'>fere</span> <span class='ocrx_word' id='word_1_116' title='bbox 555 1741 692 1809; x_wconf 90' lang='lat' dir='ltr'>tempore</span> <span class='ocrx_word' id='word_1_117' title='bbox 715 1734 772 1791; x_wconf 91' lang='lat' dir='ltr'>sub</span> <span class='ocrx_word' id='word_1_118' title='bbox 795 1733 893 1790; x_wconf 91' lang='lat' dir='ltr'>lucem</span> <span class='ocrx_word' id='word_1_119' title='bbox 917 1731 1057 1790; x_wconf 87' lang='lat' dir='ltr'>hostibus</span> <span class='ocrx_word' id='word_1_120' title='bbox 1074 1733 1196 1791; x_wconf 88' lang='lat' dir='ltr'>nuntia·</span> 
     </span>
     <span class='ocr_line' id='line_1_18' title="bbox 191 1817 1196 1895; baseline 0.002 -20"><span class='ocrx_word' id='word_1_121' title='bbox 191 1825 241 1876; x_wconf 88' lang='lat' dir='ltr'>tur</span> <span class='ocrx_word' id='word_1_122' title='bbox 262 1819 294 1875; x_wconf 91' lang='lat' dir='ltr'>in</span> <span class='ocrx_word' id='word_1_123' title='bbox 317 1818 427 1876; x_wconf 91' lang='lat' dir='ltr'>castris</span> <span class='ocrx_word' id='word_1_124' title='bbox 445 1817 652 1876; x_wconf 87' lang='lat' dir='ltr'>Romanorum</span> <span class='ocrx_word' id='word_1_125' title='bbox 673 1825 788 1895; x_wconf 88' lang='lat' dir='ltr'>praeter</span> <span class='ocrx_word' id='word_1_126' title='bbox 811 1817 1061 1877; x_wconf 82' lang='lat' dir='ltr'>consuetudinem</span> <span class='ocrx_word' id='word_1_127' title='bbox 1083 1819 1196 1876; x_wconf 90' lang='lat' dir='ltr'>tumul-</span> 
     </span>
     <span class='ocr_line' id='line_1_19' title="bbox 191 1901 1197 1980; baseline 0.002 -20"><span class='ocrx_word' id='word_1_128' title='bbox 191 1904 271 1961; x_wconf 90' lang='lat' dir='ltr'>tuari</span> <span class='ocrx_word' id='word_1_129' title='bbox 294 1910 326 1960; x_wconf 90' lang='lat' dir='ltr'>et</span> <span class='ocrx_word' id='word_1_130' title='bbox 347 1923 490 1979; x_wconf 88' lang='lat' dir='ltr'>magnum</span> <span class='ocrx_word' id='word_1_131' title='bbox 511 1904 556 1962; x_wconf 91' lang='lat' dir='ltr'>ire</span> <span class='ocrx_word' id='word_1_132' title='bbox 580 1924 690 1980; x_wconf 83' lang='lat' dir='ltr'>agmen</span> <span class='ocrx_word' id='word_1_133' title='bbox 713 1903 842 1964; x_wconf 87' lang='lat' dir='ltr'>adverso</span> <span class='ocrx_word' id='word_1_134' title='bbox 865 1901 988 1961; x_wconf 89' lang='lat' dir='ltr'>flumine</span> <span class='ocrx_word' id='word_1_135' title='bbox 1001 1903 1197 1979; x_wconf 90' lang='lat' dir='ltr'>sonitumque</span> 
     </span>
     <span class='ocr_line' id='line_1_20' title="bbox 192 1979 1247 2066; baseline 0.001 -20"><span class='ocrx_word' id='word_1_136' title='bbox 192 2008 343 2046; x_wconf 93' lang='lat' dir='ltr'>remorum</span> <span class='ocrx_word' id='word_1_137' title='bbox 365 1989 396 2045; x_wconf 93' lang='lat' dir='ltr'>in</span> <span class='ocrx_word' id='word_1_138' title='bbox 419 1988 525 2046; x_wconf 89' lang='lat' dir='ltr'>eadem</span> <span class='ocrx_word' id='word_1_139' title='bbox 547 2002 634 2066; x_wconf 89' lang='lat' dir='ltr'>parte</span> <span class='ocrx_word' id='word_1_140' title='bbox 658 1989 795 2047; x_wconf 82' lang='lat' dir='ltr'>exaudiri</span> <span class='ocrx_word' id='word_1_141' title='bbox 820 2000 851 2047; x_wconf 91' lang='lat' dir='ltr'>et</span> <span class='ocrx_word' id='word_1_142' title='bbox 872 1989 963 2066; x_wconf 90' lang='lat' dir='ltr'>paulo</span> <span class='ocrx_word' id='word_1_143' title='bbox 986 1987 1066 2047; x_wconf 83' lang='lat' dir='ltr'>intra</span> <span class='ocrx_word' id='word_1_144' title='bbox 1082 1989 1198 2047; x_wconf 89' lang='lat' dir='ltr'>milites</span> <span class='ocrx_word' id='word_1_145' title='bbox 1237 1979 1247 1991; x_wconf 50' lang='lat'>⁵</span> 
     </span>
     <span class='ocr_line' id='line_1_21' title="bbox 190 2073 1193 2150; baseline 0.001 -19"><span class='ocrx_word' id='word_1_146' title='bbox 190 2074 322 2134; x_wconf 89' lang='lat' dir='ltr'>navibus</span> <span class='ocrx_word' id='word_1_147' title='bbox 344 2074 556 2150; x_wconf 87' lang='lat' dir='ltr'>transportari.</span> <span class='ocrx_word' id='word_1_148' title='bbox 604 2075 721 2145; x_wconf 77' lang='lat' dir='ltr'>Quibus</span> <span class='ocrx_word' id='word_1_149' title='bbox 749 2076 841 2133; x_wconf 88' lang='lat' dir='ltr'>rebus</span> <span class='ocrx_word' id='word_1_150' title='bbox 870 2074 992 2148; x_wconf 85' lang='lat' dir='ltr'>auditis,</span> <span class='ocrx_word' id='word_1_151' title='bbox 1024 2073 1108 2149; x_wconf 89' lang='lat' dir='ltr'>quod</span> <span class='ocrx_word' id='word_1_152' title='bbox 1130 2075 1193 2134; x_wconf 90' lang='lat' dir='ltr'>exi-</span> 
     </span>
     <span class='ocr_line' id='line_1_22' title="bbox 192 2159 1194 2236; baseline 0.003 -20"><span class='ocrx_word' id='word_1_153' title='bbox 192 2159 357 2218; x_wconf 90' lang='lat' dir='ltr'>stimabant</span> <span class='ocrx_word' id='word_1_154' title='bbox 386 2159 484 2218; x_wconf 90' lang='lat' dir='ltr'>tribus</span> <span class='ocrx_word' id='word_1_155' title='bbox 517 2160 592 2218; x_wconf 89' lang='lat' dir='ltr'>locis</span> <span class='ocrx_word' id='word_1_156' title='bbox 626 2161 757 2218; x_wconf 90' lang='lat' dir='ltr'>transire</span> <span class='ocrx_word' id='word_1_157' title='bbox 790 2160 927 2236; x_wconf 85' lang='lat' dir='ltr'>legiones</span> <span class='ocrx_word' id='word_1_158' title='bbox 962 2166 1053 2235; x_wconf 87' lang='lat' dir='ltr'>atque</span> <span class='ocrx_word' id='word_1_159' title='bbox 1088 2179 1194 2219; x_wconf 93' lang='lat' dir='ltr'>omnes</span> 
     </span>
     <span class='ocr_line' id='line_1_23' title="bbox 191 2244 1193 2322; baseline 0.002 -20"><span class='ocrx_word' id='word_1_160' title='bbox 191 2247 387 2321; x_wconf 90' lang='lat' dir='ltr'>perturbatos</span> <span class='ocrx_word' id='word_1_161' title='bbox 411 2244 583 2304; x_wconf 87' lang='lat' dir='ltr'>defectione</span> <span class='ocrx_word' id='word_1_162' title='bbox 612 2245 801 2305; x_wconf 86' lang='lat' dir='ltr'>Haeduorum</span> <span class='ocrx_word' id='word_1_163' title='bbox 830 2244 936 2322; x_wconf 87' lang='lat' dir='ltr'>fugam</span> <span class='ocrx_word' id='word_1_164' title='bbox 964 2265 1090 2322; x_wconf 88' lang='lat' dir='ltr'>parare,</span> <span class='ocrx_word' id='word_1_165' title='bbox 1120 2265 1193 2304; x_wconf 87' lang='lat' dir='ltr'>suas</span> 
     </span>
     <span class='ocr_line' id='line_1_24' title="bbox 193 2330 1194 2408; baseline 0.001 -20"><span class='ocrx_word' id='word_1_166' title='bbox 193 2350 314 2406; x_wconf 89' lang='lat' dir='ltr'>quoque</span> <span class='ocrx_word' id='word_1_167' title='bbox 347 2332 451 2408; x_wconf 91' lang='lat' dir='ltr'>copias</span> <span class='ocrx_word' id='word_1_168' title='bbox 485 2331 516 2389; x_wconf 93' lang='lat' dir='ltr'>in</span> <span class='ocrx_word' id='word_1_169' title='bbox 549 2340 613 2390; x_wconf 89' lang='lat' dir='ltr'>tres</span> <span class='ocrx_word' id='word_1_170' title='bbox 646 2340 751 2408; x_wconf 91' lang='lat' dir='ltr'>partes</span> <span class='ocrx_word' id='word_1_171' title='bbox 786 2331 1014 2389; x_wconf 85' lang='lat' dir='ltr'>distribuerunt.</span> <span class='ocrx_word' id='word_1_172' title='bbox 1060 2330 1140 2390; x_wconf 84' lang='lat' dir='ltr'>Nam</span> <span class='ocrx_word' id='word_1_173' title='bbox 1163 2339 1194 2391; x_wconf 90' lang='lat' dir='ltr'>et</span> 
     </span>
     <span class='ocr_line' id='line_1_25' title="bbox 192 2417 1194 2493; baseline 0.001 -19"><span class='ocrx_word' id='word_1_174' title='bbox 192 2417 335 2493; x_wconf 90' lang='lat' dir='ltr'>praesidio</span> <span class='ocrx_word' id='word_1_175' title='bbox 360 2437 376 2476; x_wconf 91' lang='lat' dir='ltr'>e</span> <span class='ocrx_word' id='word_1_176' title='bbox 406 2417 530 2493; x_wconf 84' lang='lat' dir='ltr'>regione</span> <span class='ocrx_word' id='word_1_177' title='bbox 564 2425 735 2475; x_wconf 88' lang='lat' dir='ltr'>castrorum</span> <span class='ocrx_word' id='word_1_178' title='bbox 768 2417 874 2475; x_wconf 88' lang='lat' dir='ltr'>relicto</span> <span class='ocrx_word' id='word_1_179' title='bbox 909 2424 940 2475; x_wconf 89' lang='lat' dir='ltr'>et</span> <span class='ocrx_word' id='word_1_180' title='bbox 973 2437 1069 2493; x_wconf 88' lang='lat' dir='ltr'>parva</span> <span class='ocrx_word' id='word_1_181' title='bbox 1102 2437 1194 2475; x_wconf 94' lang='lat' dir='ltr'>manu</span> 
     </span>
     <span class='ocr_line' id='line_1_26' title="bbox 193 2501 1193 2579; baseline 0.002 -20"><span class='ocrx_word' id='word_1_182' title='bbox 193 2501 390 2561; x_wconf 90' lang='lat' dir='ltr'>Melodunum</span> <span class='ocrx_word' id='word_1_183' title='bbox 422 2521 532 2561; x_wconf 86' lang='lat' dir='ltr'>versus</span> <span class='ocrx_word' id='word_1_184' title='bbox 565 2502 669 2578; x_wconf 88' lang='lat' dir='ltr'>missa,</span> <span class='ocrx_word' id='word_1_185' title='bbox 705 2522 772 2577; x_wconf 86' lang='lat' dir='ltr'>quae</span> <span class='ocrx_word' id='word_1_186' title='bbox 805 2509 924 2560; x_wconf 88' lang='lat' dir='ltr'>tantum</span> <span class='ocrx_word' id='word_1_187' title='bbox 945 2501 1193 2579; x_wconf 85' lang='lat' dir='ltr'>progrederetur,</span> 
     </span>
     <span class='ocr_line' id='line_1_27' title="bbox 193 2587 1194 2664; baseline 0.003 -20"><span class='ocrx_word' id='word_1_188' title='bbox 193 2596 456 2661; x_wconf 86' lang='lat' dir='ltr'>quantum-naves</span> <span class='ocrx_word' id='word_1_189' title='bbox 478 2589 712 2664; x_wconf 90' lang='lat' dir='ltr'>processissent,</span> <span class='ocrx_word' id='word_1_190' title='bbox 736 2587 869 2663; x_wconf 88' lang='lat' dir='ltr'>reliquas</span> <span class='ocrx_word' id='word_1_191' title='bbox 887 2587 991 2664; x_wconf 88' lang='lat' dir='ltr'>copias</span> <span class='ocrx_word' id='word_1_192' title='bbox 1009 2594 1116 2646; x_wconf 88' lang='lat' dir='ltr'>contra</span> <span class='ocrx_word' id='word_1_193' title='bbox 1134 2587 1194 2647; x_wconf 89' lang='lat' dir='ltr'>La·</span> 
     </span>
     <span class='ocr_line' id='line_1_28' title="bbox 192 2672 498 2731; baseline 0 -2"><span class='ocrx_word' id='word_1_194' title='bbox 192 2672 315 2729; x_wconf 90' lang='lat' dir='ltr'>bienum</span> <span class='ocrx_word' id='word_1_195' title='bbox 339 2672 498 2731; x_wconf 86' lang='lat' dir='ltr'>duxerunt.</span> 
     </span>
    </p>

    <p class='ocr_par' dir='ltr' id='par_1_4' title="bbox 174 2757 1197 4033">
     <span class='ocr_line' id='line_1_29' title="bbox 278 2757 1193 2837; baseline 0.004 -23"><span class='ocrx_word' id='word_1_196' title='bbox 278 2757 384 2816; x_wconf 92' lang='lat' dir='ltr'>LXII.</span> <span class='ocrx_word' id='word_1_197' title='bbox 418 2758 520 2816; x_wconf 91' lang='lat' dir='ltr'>Prima</span> <span class='ocrx_word' id='word_1_198' title='bbox 542 2759 609 2817; x_wconf 91' lang='lat' dir='ltr'>luce</span> <span class='ocrx_word' id='word_1_199' title='bbox 633 2766 664 2816; x_wconf 91' lang='lat' dir='ltr'>et</span> <span class='ocrx_word' id='word_1_200' title='bbox 685 2759 782 2817; x_wconf 86' lang='lat' dir='ltr'>nostn&#39;</span> <span class='ocrx_word' id='word_1_201' title='bbox 806 2777 910 2816; x_wconf 91' lang='lat' dir='ltr'>omnes</span> <span class='ocrx_word' id='word_1_202' title='bbox 933 2766 1020 2819; x_wconf 87' lang='lat' dir='ltr'>erant</span> <span class='ocrx_word' id='word_1_203' title='bbox 1037 2765 1193 2837; x_wconf 88' lang='lat' dir='ltr'>transpor-</span> 
     </span>
     <span class='ocr_line' id='line_1_30' title="bbox 193 2843 1192 2904; baseline 0.004 -5"><span class='ocrx_word' id='word_1_204' title='bbox 193 2843 250 2900; x_wconf 89' lang='lat' dir='ltr'>tati</span> <span class='ocrx_word' id='word_1_205' title='bbox 273 2850 304 2901; x_wconf 91' lang='lat' dir='ltr'>et</span> <span class='ocrx_word' id='word_1_206' title='bbox 325 2843 458 2902; x_wconf 88' lang='lat' dir='ltr'>hostium</span> <span class='ocrx_word' id='word_1_207' title='bbox 481 2843 562 2902; x_wconf 87' lang='lat' dir='ltr'>acies</span> <span class='ocrx_word' id='word_1_208' title='bbox 587 2845 776 2902; x_wconf 83' lang='lat' dir='ltr'>cernebatur.</span> <span class='ocrx_word' id='word_1_209' title='bbox 823 2843 979 2902; x_wconf 85' lang='lat' dir='ltr'>Labienus</span> <span class='ocrx_word' id='word_1_210' title='bbox 1002 2843 1114 2904; x_wconf 89' lang='lat' dir='ltr'>milites</span> <span class='ocrx_word' id='word_1_211' title='bbox 1144 2865 1192 2903; x_wconf 90' lang='lat' dir='ltr'>co·</span> 
     </span>
     <span class='ocr_line' id='line_1_31' title="bbox 193 2928 1195 3006; baseline 0.005 -22"><span class='ocrx_word' id='word_1_212' title='bbox 193 2928 342 3004; x_wconf 90' lang='lat' dir='ltr'>hortatus,</span> <span class='ocrx_word' id='word_1_213' title='bbox 365 2937 399 2988; x_wconf 94' lang='lat' dir='ltr'>ut</span> <span class='ocrx_word' id='word_1_214' title='bbox 422 2949 486 2987; x_wconf 90' lang='lat' dir='ltr'>suae</span> <span class='ocrx_word' id='word_1_215' title='bbox 514 2929 652 3006; x_wconf 86' lang='lat' dir='ltr'>pristinae</span> <span class='ocrx_word' id='word_1_216' title='bbox 675 2930 798 2989; x_wconf 88' lang='lat' dir='ltr'>virtutis</span> <span class='ocrx_word' id='word_1_217' title='bbox 827 2936 858 2987; x_wconf 91' lang='lat' dir='ltr'>et</span> <span class='ocrx_word' id='word_1_218' title='bbox 884 2936 931 2987; x_wconf 91' lang='lat' dir='ltr'>tot</span> <span class='ocrx_word' id='word_1_219' title='bbox 960 2928 1195 2991; x_wconf 88' lang='lat' dir='ltr'>secundissimo-</span> 
     </span>
     <span class='ocr_line' id='line_1_32' title="bbox 193 3013 1195 3093; baseline 0.004 -23"><span class='ocrx_word' id='word_1_220' title='bbox 193 3033 259 3071; x_wconf 93' lang='lat' dir='ltr'>rum</span> <span class='ocrx_word' id='word_1_221' title='bbox 281 3015 457 3092; x_wconf 90' lang='lat' dir='ltr'>proeliorum</span> <span class='ocrx_word' id='word_1_222' title='bbox 478 3015 645 3073; x_wconf 88' lang='lat' dir='ltr'>retinerent</span> <span class='ocrx_word' id='word_1_223' title='bbox 674 3016 849 3074; x_wconf 87' lang='lat' dir='ltr'>memoriam</span> <span class='ocrx_word' id='word_1_224' title='bbox 877 3021 969 3089; x_wconf 90' lang='lat' dir='ltr'>atque</span> <span class='ocrx_word' id='word_1_225' title='bbox 996 3015 1098 3093; x_wconf 89' lang='lat' dir='ltr'>ipsum</span> <span class='ocrx_word' id='word_1_226' title='bbox 1130 3013 1195 3074; x_wconf 81' lang='lat' dir='ltr'>an-</span> 
     </span>
     <span class='ocr_line' id='line_1_33' title="bbox 194 3099 1194 3179; baseline 0.004 -23"><span class='ocrx_word' id='word_1_227' title='bbox 194 3119 303 3175; x_wconf 89' lang='lat' dir='ltr'>sarem,</span> <span class='ocrx_word' id='word_1_228' title='bbox 327 3099 415 3176; x_wconf 87' lang='lat' dir='ltr'>cujus</span> <span class='ocrx_word' id='word_1_229' title='bbox 427 3100 522 3159; x_wconf 90' lang='lat' dir='ltr'>ductu</span> <span class='ocrx_word' id='word_1_230' title='bbox 534 3120 744 3179; x_wconf 86' lang='lat' dir='ltr'>saepenumero</span> <span class='ocrx_word' id='word_1_231' title='bbox 761 3101 866 3159; x_wconf 86' lang='lat' dir='ltr'>hostes</span> <span class='ocrx_word' id='word_1_232' title='bbox 885 3108 1093 3176; x_wconf 89' lang='lat' dir='ltr'>superassent,</span> <span class='ocrx_word' id='word_1_233' title='bbox 1116 3121 1194 3178; x_wconf 87' lang='lat' dir='ltr'>prae·</span> 
     </span>
     <span class='ocr_line' id='line_1_34' title="bbox 196 3185 1195 3263; baseline 0.004 -22"><span class='ocrx_word' id='word_1_234' title='bbox 196 3194 313 3244; x_wconf 89' lang='lat' dir='ltr'>sentem</span> <span class='ocrx_word' id='word_1_235' title='bbox 335 3185 444 3244; x_wconf 88' lang='lat' dir='ltr'>adesse</span> <span class='ocrx_word' id='word_1_236' title='bbox 468 3186 684 3260; x_wconf 81' lang='lat' dir='ltr'>existimarent,</span> <span class='ocrx_word' id='word_1_237' title='bbox 714 3186 767 3245; x_wconf 89' lang='lat' dir='ltr'>dat</span> <span class='ocrx_word' id='word_1_238' title='bbox 797 3186 917 3261; x_wconf 91' lang='lat' dir='ltr'>signum</span> <span class='ocrx_word' id='word_1_239' title='bbox 940 3186 1047 3263; x_wconf 89' lang='lat' dir='ltr'>praelii.</span> <span class='ocrx_word' id='word_1_240' title='bbox 1093 3187 1195 3245; x_wconf 91' lang='lat' dir='ltr'>Primo</span> 
     </span>
     <span class='ocr_line' id='line_1_35' title="bbox 195 3269 1195 3349; baseline 0.005 -23"><span class='ocrx_word' id='word_1_241' title='bbox 195 3288 344 3329; x_wconf 87' lang='lat' dir='ltr'>concursu</span> <span class='ocrx_word' id='word_1_242' title='bbox 368 3271 405 3328; x_wconf 94' lang='lat' dir='ltr'>ab</span> <span class='ocrx_word' id='word_1_243' title='bbox 430 3269 536 3329; x_wconf 84' lang='lat' dir='ltr'>dextro</span> <span class='ocrx_word' id='word_1_244' title='bbox 566 3291 670 3345; x_wconf 92' lang='lat' dir='ltr'>cornu,</span> <span class='ocrx_word' id='word_1_245' title='bbox 701 3272 754 3330; x_wconf 91' lang='lat' dir='ltr'>ubi</span> <span class='ocrx_word' id='word_1_246' title='bbox 782 3271 912 3348; x_wconf 86' lang='lat' dir='ltr'>septima</span> <span class='ocrx_word' id='word_1_247' title='bbox 941 3273 1020 3349; x_wconf 90' lang='lat' dir='ltr'>legio</span> <span class='ocrx_word' id='word_1_248' title='bbox 1051 3272 1195 3332; x_wconf 90' lang='lat' dir='ltr'>constite-</span> 
     </span>
     <span class='ocr_line' id='line_1_36' title="bbox 194 3355 1195 3433; baseline 0.006 -22"><span class='ocrx_word' id='word_1_249' title='bbox 194 3361 251 3429; x_wconf 89' lang='lat' dir='ltr'>rat,</span> <span class='ocrx_word' id='word_1_250' title='bbox 274 3355 379 3414; x_wconf 89' lang='lat' dir='ltr'>hostes</span> <span class='ocrx_word' id='word_1_251' title='bbox 402 3355 555 3433; x_wconf 90' lang='lat' dir='ltr'>pelluntur</span> <span class='ocrx_word' id='word_1_252' title='bbox 586 3363 676 3432; x_wconf 88' lang='lat' dir='ltr'>atque</span> <span class='ocrx_word' id='word_1_253' title='bbox 710 3357 740 3414; x_wconf 87' lang='lat' dir='ltr'>in</span> <span class='ocrx_word' id='word_1_254' title='bbox 770 3355 875 3433; x_wconf 87' lang='lat' dir='ltr'>fugam</span> <span class='ocrx_word' id='word_1_255' title='bbox 904 3356 1120 3433; x_wconf 88' lang='lat' dir='ltr'>conjiciuntur;</span> <span class='ocrx_word' id='word_1_256' title='bbox 1158 3359 1195 3417; x_wconf 90' lang='lat' dir='ltr'>ab</span> 
     </span>
     <span class='ocr_line' id='line_1_37' title="bbox 195 3440 1197 3519; baseline 0.004 -22"><span class='ocrx_word' id='word_1_257' title='bbox 195 3440 328 3515; x_wconf 90' lang='lat' dir='ltr'>sinistro,</span> <span class='ocrx_word' id='word_1_258' title='bbox 367 3460 456 3515; x_wconf 90' lang='lat' dir='ltr'>quem</span> <span class='ocrx_word' id='word_1_259' title='bbox 484 3443 584 3500; x_wconf 88' lang='lat' dir='ltr'>locum</span> <span class='ocrx_word' id='word_1_260' title='bbox 608 3442 788 3501; x_wconf 88' lang='lat' dir='ltr'>duodecima</span> <span class='ocrx_word' id='word_1_261' title='bbox 820 3442 899 3518; x_wconf 91' lang='lat' dir='ltr'>legio</span> <span class='ocrx_word' id='word_1_262' title='bbox 933 3443 1068 3518; x_wconf 84' lang='lat' dir='ltr'>tenebat,</span> <span class='ocrx_word' id='word_1_263' title='bbox 1104 3463 1197 3519; x_wconf 92' lang='lat' dir='ltr'>quum</span> 
     </span>
     <span class='ocr_line' id='line_1_38' title="bbox 194 3525 1197 3603; baseline 0.003 -20"><span class='ocrx_word' id='word_1_264' title='bbox 194 3525 282 3602; x_wconf 89' lang='lat' dir='ltr'>primi</span> <span class='ocrx_word' id='word_1_265' title='bbox 305 3526 427 3584; x_wconf 90' lang='lat' dir='ltr'>ordines</span> <span class='ocrx_word' id='word_1_266' title='bbox 449 3526 583 3585; x_wconf 90' lang='lat' dir='ltr'>hostium</span> <span class='ocrx_word' id='word_1_267' title='bbox 604 3527 744 3586; x_wconf 85' lang='lat' dir='ltr'>transfixi</span> <span class='ocrx_word' id='word_1_268' title='bbox 765 3528 836 3586; x_wconf 89' lang='lat' dir='ltr'>telis</span> <span class='ocrx_word' id='word_1_269' title='bbox 855 3527 1069 3603; x_wconf 81' lang='lat' dir='ltr'>concidissent,</span> <span class='ocrx_word' id='word_1_270' title='bbox 1093 3535 1197 3588; x_wconf 89' lang='lat' dir='ltr'>tamen</span> 
     </span>
     <span class='ocr_line' id='line_1_39' title="bbox 195 3612 1196 3692; baseline 0.004 -24"><span class='ocrx_word' id='word_1_271' title='bbox 195 3613 341 3670; x_wconf 89' lang='lat' dir='ltr'>acerrime</span> <span class='ocrx_word' id='word_1_272' title='bbox 352 3612 461 3687; x_wconf 88' lang='lat' dir='ltr'>reliqui</span> <span class='ocrx_word' id='word_1_273' title='bbox 478 3613 672 3688; x_wconf 90' lang='lat' dir='ltr'>resistebant,</span> <span class='ocrx_word' id='word_1_274' title='bbox 697 3633 752 3672; x_wconf 89' lang='lat' dir='ltr'>nec</span> <span class='ocrx_word' id='word_1_275' title='bbox 772 3612 866 3672; x_wconf 88' lang='lat' dir='ltr'>dabat</span> <span class='ocrx_word' id='word_1_276' title='bbox 885 3613 1090 3692; x_wconf 88' lang='lat' dir='ltr'>suspicionem</span> <span class='ocrx_word' id='word_1_277' title='bbox 1112 3613 1196 3691; x_wconf 87' lang='lat' dir='ltr'>fugae</span> 
     </span>
     <span class='ocr_line' id='line_1_40' title="bbox 174 3697 1195 3776; baseline 0.006 -24"><span class='ocrx_word' id='word_1_278' title='bbox 174 3697 364 3773; x_wconf 70' lang='lat' dir='ltr'>quisquam.</span> <span class='ocrx_word' id='word_1_279' title='bbox 410 3698 484 3775; x_wconf 91' lang='lat' dir='ltr'>Ipse</span> <span class='ocrx_word' id='word_1_280' title='bbox 513 3697 574 3756; x_wconf 82' lang='lat' dir='ltr'>dux</span> <span class='ocrx_word' id='word_1_281' title='bbox 601 3698 734 3757; x_wconf 90' lang='lat' dir='ltr'>hostium</span> <span class='ocrx_word' id='word_1_282' title='bbox 767 3698 992 3776; x_wconf 80' lang='lat' dir='ltr'>Camulogenus</span> <span class='ocrx_word' id='word_1_283' title='bbox 1027 3699 1091 3758; x_wconf 89' lang='lat' dir='ltr'>suis</span> <span class='ocrx_word' id='word_1_284' title='bbox 1125 3699 1195 3759; x_wconf 89' lang='lat' dir='ltr'>ade-</span> 
     </span>
     <span class='ocr_line' id='line_1_41' title="bbox 194 3784 1197 3858; baseline 0.003 -18"><span class='ocrx_word' id='word_1_285' title='bbox 194 3792 242 3841; x_wconf 89' lang='lat' dir='ltr'>rat</span> <span class='ocrx_word' id='word_1_286' title='bbox 265 3791 356 3858; x_wconf 91' lang='lat' dir='ltr'>atque</span> <span class='ocrx_word' id='word_1_287' title='bbox 380 3803 432 3842; x_wconf 91' lang='lat' dir='ltr'>eos</span> <span class='ocrx_word' id='word_1_288' title='bbox 456 3784 680 3842; x_wconf 86' lang='lat' dir='ltr'>cohortabatur.</span> <span class='ocrx_word' id='word_1_289' title='bbox 733 3784 856 3843; x_wconf 90' lang='lat' dir='ltr'>Incerto</span> <span class='ocrx_word' id='word_1_290' title='bbox 885 3805 965 3843; x_wconf 90' lang='lat' dir='ltr'>nunc</span> <span class='ocrx_word' id='word_1_291' title='bbox 994 3785 1085 3844; x_wconf 87' lang='lat' dir='ltr'>etiam</span> <span class='ocrx_word' id='word_1_292' title='bbox 1113 3786 1197 3844; x_wconf 85' lang='lat' dir='ltr'>exitu</span> 
     </span>
     <span class='ocr_line' id='line_1_42' title="bbox 195 3867 1196 3947; baseline 0.003 -21"><span class='ocrx_word' id='word_1_293' title='bbox 195 3867 341 3944; x_wconf 79' lang='lat' dir='ltr'>victoriae,</span> <span class='ocrx_word' id='word_1_294' title='bbox 366 3890 457 3944; x_wconf 89' lang='lat' dir='ltr'>quum</span> <span class='ocrx_word' id='word_1_295' title='bbox 486 3869 623 3947; x_wconf 90' lang='lat' dir='ltr'>septimae</span> <span class='ocrx_word' id='word_1_296' title='bbox 650 3868 778 3945; x_wconf 87' lang='lat' dir='ltr'>legionis</span> <span class='ocrx_word' id='word_1_297' title='bbox 806 3869 936 3929; x_wconf 90' lang='lat' dir='ltr'>tribunis</span> <span class='ocrx_word' id='word_1_298' title='bbox 965 3878 1049 3930; x_wconf 91' lang='lat' dir='ltr'>esset</span> <span class='ocrx_word' id='word_1_299' title='bbox 1076 3871 1196 3929; x_wconf 89' lang='lat' dir='ltr'>nuntia-</span> 
     </span>
     <span class='ocr_line' id='line_1_43' title="bbox 194 3955 1196 4033; baseline 0.007 -25"><span class='ocrx_word' id='word_1_300' title='bbox 194 3959 268 4028; x_wconf 91' lang='lat' dir='ltr'>tum,</span> <span class='ocrx_word' id='word_1_301' title='bbox 293 3974 361 4028; x_wconf 89' lang='lat' dir='ltr'>quae</span> <span class='ocrx_word' id='word_1_302' title='bbox 384 3955 416 4012; x_wconf 90' lang='lat' dir='ltr'>in</span> <span class='ocrx_word' id='word_1_303' title='bbox 440 3955 563 4012; x_wconf 89' lang='lat' dir='ltr'>sinistro</span> <span class='ocrx_word' id='word_1_304' title='bbox 587 3974 681 4012; x_wconf 90' lang='lat' dir='ltr'>cornu</span> <span class='ocrx_word' id='word_1_305' title='bbox 704 3962 891 4031; x_wconf 90' lang='lat' dir='ltr'>gererentur,</span> <span class='ocrx_word' id='word_1_306' title='bbox 916 3963 988 4033; x_wconf 91' lang='lat' dir='ltr'>post</span> <span class='ocrx_word' id='word_1_307' title='bbox 1005 3963 1126 4032; x_wconf 91' lang='lat' dir='ltr'>tergum</span> <span class='ocrx_word' id='word_1_308' title='bbox 1143 3956 1196 4015; x_wconf 92' lang='lat' dir='ltr'>ho-</span> 
     </span>
    </p>
   </div>
   <div class='ocr_carea' id='block_1_3' title="bbox 0 0 1344 4456">
    <p class='ocr_par' dir='ltr' id='par_1_5' title="bbox 0 0 1344 4456">
     <span class='ocr_line' id='line_1_44' title="bbox 0 0 1344 4456; baseline 0 0"><span class='ocrx_word' id='word_1_309' title='bbox 0 0 1344 4456; x_wconf 95' lang='lat' dir='ltr'> </span> 
     </span>
    </p>
   </div>
  </div>
 </body>
</html>
