2670 4456
574 228 693 285 LIBER
711 229 745 283 V.
1119 240 1159 297 95

159 431 241 483 tutas
258 429 369 497 turrea,
386 423 556 483 testudines
573 423 817 499 munitionesque
834 424 968 483 hostium
980 424 1158 499 admiratur;

159 510 277 586 legione
298 507 448 586 producta
471 510 628 586 cognoscit
655 529 716 568 non
735 509 884 568 decimum
913 530 1063 587 quemque
1092 531 1160 570 esse

158 595 306 670 reliquum
327 594 453 653 militem
476 594 541 654 sine
564 595 700 655 vulnere.
745 595 793 652 Ex
816 594 863 653 his
887 596 1026 655 omnibus
1039 596 1161 673 judicat

158 681 260 755 rebus,
284 686 395 755 quanto
419 699 486 738 cum
508 680 643 758 periculo
672 687 703 738 et
731 688 845 756 quanta
874 701 941 739 curn
968 682 1081 741 virtute
1110 702 1160 741 res

160 766 220 824 sint
241 764 470 824 administratae.
529 764 705 825 Ciceronem
737 786 792 843 pro
827 764 894 842 ejus
927 767 1034 826 merito
1068 768 1160 845 legio-

159 870 287 927 nemque
320 849 490 925 collaudat;
526 851 718 910 centuriones
750 851 928 928 singillatim
960 853 1160 928 tribunosque

158 936 285 995 rnilitum
308 936 456 1014 appellat,
481 955 608 1011 quorum
631 937 785 1013 egregiam
803 936 901 996 fuisse
918 938 1062 996 virtutem
1074 939 1160 998 testi-

157 1022 255 1081 monio
280 1019 435 1081 Ciceronis
459 1029 652 1098 cognoverat.
697 1023 744 1081 De
769 1041 844 1081 casu
874 1022 978 1081 Sabini
1007 1030 1038 1081 et
1062 1024 1159 1082 Cottae

160 1107 273 1166 certius
296 1126 333 1165 ex
356 1107 486 1185 captivis
509 1107 676 1184 cognoscit.
721 1107 849 1166 Postero
873 1108 922 1166 die
945 1108 1084 1169 contione
1107 1109 1160 1166 ha-

158 1193 223 1252 bita
255 1211 321 1251 rem
348 1201 467 1270 gestam
494 1193 637 1270 proponit
644 1212 650 1266 ;
686 1193 798 1252 milites
827 1194 1003 1253 consolatur
1031 1204 1062 1253 et
1090 1214 1160 1252 con-

158 1276 272 1352 firmat,
296 1277 378 1352 quod
401 1277 615 1337 detrimentum
639 1278 730 1355 culpa
752 1287 783 1337 et
805 1281 975 1339 temeritate
1003 1280 1097 1357 legati
1120 1280 1161 1338 sit

159 1370 327 1441 acceptum,
361 1364 418 1422 hoc
453 1363 585 1439 aequiore
620 1364 718 1422 animo
752 1363 912 1423 ferendum
940 1365 1038 1440 docet,
1079 1365 1161 1440 quod
1223 1436 1226 1441 Ι

159 1448 307 1508 beneficio
330 1448 456 1508 deorum
477 1449 690 1507 immortalium
713 1457 744 1508 et
766 1450 879 1510 virtute
908 1471 1011 1509 eorum
1040 1451 1159 1528 expiato

158 1534 348 1594 incommodo
375 1553 474 1610 neque
502 1534 643 1593 hostibus
674 1534 792 1594 diutina
819 1536 933 1595 laetatio
963 1556 1062 1612 neque
1083 1537 1160 1614 ipsis

159 1618 278 1696 longior
301 1619 387 1679 dolor
409 1619 607 1695 relinquatur.

244 1705 334 1764 LIII.
379 1705 507 1764 Interim
530 1705 569 1764 ad
591 1705 760 1764 Labienum
781 1725 837 1781 per
855 1706 967 1764 Remos
990 1706 1160 1765 incredibili

161 1790 316 1850 celeritate
339 1789 529 1850 devictoris
553 1789 684 1849 Caesaris
708 1790 790 1849 fama
812 1789 975 1867 perfertur,
999 1799 1042 1866 ut,
1067 1812 1161 1867 quum

160 1874 197 1935 ab
219 1876 355 1935 hibernis
368 1875 524 1935 Ciceronis
546 1875 629 1934 milia
650 1895 798 1953 passuum
821 1876 946 1936 abesset
957 1877 1079 1936 circiter
1090 1877 1159 1952 LX,

160 1981 255 2037 eoque
276 1968 348 2040 post
376 1961 482 2020 horam
508 1981 619 2020 nonam
648 1961 708 2020 diei
733 1960 837 2020 Caesar
858 1963 1065 2040 pervenisset,
1090 1971 1160 2022 ante

158 2047 287 2106 mediam
320 2053 441 2106 noctem
475 2046 514 2106 ad
540 2053 645 2124 portas
674 2055 841 2107 castrorum
872 2049 985 2107 clamor
1014 2056 1159 2122 oreretur,

160 2153 218 2208 quo
242 2132 373 2192 clamore
395 2130 576 2209 significatio
600 2133 739 2193 victoriae
756 2135 981 2210 gratulatioque
1004 2136 1041 2194 ab
1054 2135 1160 2192 Remis

158 2218 294 2277 Labieno
316 2217 412 2277 fieret.
458 2219 526 2277 Hac
548 2217 631 2276 fama
654 2218 693 2276 ad
715 2218 859 2279 Treviros
881 2220 1000 2297 perlata
1022 2218 1159 2277 indutio-

157 2322 270 2378 marus,
294 2303 346 2378 qui
367 2309 491 2381 postero
515 2302 564 2361 die
589 2310 691 2362 castra
702 2304 831 2362 Labieni
855 2323 1031 2382 oppugnare
1054 2303 1156 2362 decre-

156 2396 252 2463 verat,
275 2395 367 2448 noctu
395 2389 533 2466 profugit
561 2389 725 2466 copiasque
754 2408 859 2447 omnes
887 2389 919 2447 in
941 2388 1084 2449 Treviros
1111 2408 1158 2447 re-

157 2472 249 2533 ducit.
297 2473 401 2533 Caesar
429 2475 558 2534 Fabium
588 2494 656 2532 cum
687 2493 742 2532 sua
769 2473 889 2550 legione
911 2474 1039 2532 remittit
1060 2473 1092 2531 in
1114 2474 1158 2531 hi-

154 2559 258 2633 berna,
281 2559 348 2637 ipse
371 2579 440 2619 cum
461 2560 559 2619 tribus
582 2559 753 2635 legionibus
777 2559 891 2617 circum
910 2558 1157 2618 Samarobrivam

155 2645 243 2703 trinis
270 2645 405 2704 hibernis
428 2645 561 2705 hiemare
585 2644 743 2703 constituit
777 2651 816 2718 et,
848 2644 929 2719 quod
956 2645 1035 2703 tanti
1057 2652 1158 2704 motus

101 2769 103 2773 ι
156 2729 265 2789 Galliae
289 2730 462 2805 extiterant,
486 2738 581 2790 totam
603 2730 732 2788 hiemem
753 2730 821 2806 ipse
845 2730 884 2789 ad
907 2731 1074 2790 exercitum
1096 2751 1158 2789 ma-

154 2835 227 2875 nere
250 2814 394 2876 decrevit.
450 2816 530 2876 Nam
561 2815 613 2874 illo
646 2815 835 2875 incommodo
868 2816 906 2875 de
935 2815 1040 2874 Sabini
1062 2825 1158 2875 morte

154 2901 271 2979 perlato
295 2921 398 2960 omnes
427 2900 493 2961 fere
522 2901 630 2961 Calliae
660 2901 801 2961 civitates
831 2901 869 2960 de
898 2901 978 2960 bello
1008 2903 1158 2960 consulta-

153 2986 237 3061 bant,
260 2987 383 3046 nuntios
405 2987 634 3064 legationesque
656 2987 688 3044 in
711 3005 815 3045 omnes
838 2993 942 3064 partes
965 2986 1159 3044 dimittebant

154 3078 195 3144 et,
229 3071 302 3147 quid
334 3072 445 3148 reliqui
478 3072 597 3131 consilii
631 3078 776 3149 caperent
809 3079 900 3147 atque
930 3071 1011 3129 unde
1039 3070 1158 3129 initium

154 3156 226 3215 belli
253 3155 359 3232 fieret,
394 3157 594 3235 explorabant
627 3165 836 3232 nocturnaque
864 3158 896 3215 in
923 3156 999 3215 locis
1028 3156 1158 3215 desertis

154 3241 282 3301 concilia
303 3243 469 3302 habebant.
505 3242 614 3319 Neque
636 3243 731 3301 ullum
754 3240 821 3300 fere
844 3242 939 3301 totius
951 3241 1059 3301 hiemis
1082 3248 1158 3318 tem-

152 3345 210 3403 pus
233 3326 300 3386 sine
322 3327 528 3389 sollicitudIne
552 3327 684 3387 Caesaris
706 3327 898 3402 intercessit,
931 3327 1003 3403 quin
1026 3328 1159 3404 aliquem

154 3411 192 3472 de
237 3412 371 3472 consiliis
417 3434 452 3472 ac
495 3421 579 3474 motu
614 3413 770 3472 Gallorum
813 3413 952 3472 nuntium
997 3414 1158 3491 acciperet.

152 3497 191 3555 In
219 3497 268 3556 his
302 3498 341 3556 ab
370 3499 406 3558 L.
430 3498 554 3574 Roscio,
589 3519 679 3574 quern
712 3497 825 3574 legioni
846 3498 942 3557 XIII.
966 3498 1157 3576 praefecerat,

152 3583 265 3641 certior
286 3582 389 3643 factus
412 3591 460 3644 est
488 3604 614 3662 magnas
638 3583 796 3643 Gallorum
826 3585 930 3662 copias
959 3603 1062 3643 earum
1086 3584 1158 3643 civi·

152 3674 259 3742 tatum,
283 3688 350 3744 quae
362 3669 530 3729 Armoricae
554 3669 754 3748 appellantur,
778 3668 974 3747 oppugnandi
997 3669 1044 3727 sui
1067 3686 1159 3726 causa

153 3753 334 3814 convenisse
366 3774 466 3831 neque
500 3755 620 3832 longius
649 3754 733 3813 milia
761 3774 908 3832 passuum
930 3753 1013 3812 VIII
1047 3754 1085 3812 ab
1114 3753 1158 3811 hi-

68 3872 72 3877 ·
152 3838 256 3898 bernis
291 3839 355 3899 suis
384 3839 509 3916 afuisse,
539 3840 594 3900 sed
620 3840 727 3899 nuntio
759 3839 850 3898 allato
882 3838 920 3898 de
941 3838 1070 3897 victoria
1094 3837 1158 3897 Cae-
