<?xml version="1.0" encoding="UTF-8"?>
<!DOCTYPE html PUBLIC "-//W3C//DTD XHTML 1.0 Transitional//EN"
    "http://www.w3.org/TR/xhtml1/DTD/xhtml1-transitional.dtd">
<html xmlns="http://www.w3.org/1999/xhtml" xml:lang="en" lang="en">
 <head>
  <title>
</title>
<meta http-equiv="Content-Type" content="text/html;charset=utf-8" />
  <meta name='ocr-system' content='tesseract 3.04.00' />
  <meta name='ocr-capabilities' content='ocr_page ocr_carea ocr_par ocr_line ocrx_word'/>
</head>
<body>
  <div class='ocr_page' id='page_1' title='image "./debellogallico00caesgoog_0041.png"; bbox 0 0 2670 4456; ppageno 0'>
   <div class='ocr_carea' id='block_1_1' title="bbox 166 202 877 304">
    <p class='ocr_par' dir='ltr' id='par_1_1' title="bbox 166 202 877 304">
     <span class='ocr_line' id='line_1_1' title="bbox 166 202 877 304; baseline -0.01 -7"><span class='ocrx_word' id='word_1_1' title='bbox 166 247 205 304; x_wconf 77' lang='lat'>32</span> <span class='ocrx_word' id='word_1_2' title='bbox 337 202 340 207; x_wconf 32' lang='lat'>⁵</span> <span class='ocrx_word' id='word_1_3' title='bbox 482 237 535 290; x_wconf 83' lang='lat' dir='ltr'>nn</span> <span class='ocrx_word' id='word_1_4' title='bbox 552 235 678 299; x_wconf 77' lang='lat' dir='ltr'>sunno</span> <span class='ocrx_word' id='word_1_5' title='bbox 698 235 877 291; x_wconf 72' lang='lat' dir='ltr'>eamme.</span> 
     </span>
    </p>
   </div>
   <div class='ocr_carea' id='block_1_2' title="bbox 89 431 1193 1456">
    <p class='ocr_par' dir='ltr' id='par_1_2' title="bbox 89 431 1193 1456">
     <span class='ocr_line' id='line_1_2' title="bbox 164 431 1191 518; baseline -0.002 -25"><span class='ocrx_word' id='word_1_6' title='bbox 164 433 340 512; x_wconf 86' lang='lat' dir='ltr'>sagittarios</span> <span class='ocrx_word' id='word_1_7' title='bbox 385 439 416 490; x_wconf 93' lang='lat' dir='ltr'>et</span> <span class='ocrx_word' id='word_1_8' title='bbox 455 431 624 491; x_wconf 87' lang='lat' dir='ltr'>funditores</span> <span class='ocrx_word' id='word_1_9' title='bbox 663 432 810 492; x_wconf 80' lang='lat' dir='ltr'>Baleares</span> <span class='ocrx_word' id='word_1_10' title='bbox 854 432 991 518; x_wconf 72' lang='lat' dir='ltr'>subsidio</span> <span class='ocrx_word' id='word_1_11' title='bbox 1031 433 1191 511; x_wconf 89' lang='lat' dir='ltr'>oppidanis</span> 
     </span>
     <span class='ocr_line' id='line_1_3' title="bbox 164 518 1192 596; baseline 0 -17"><span class='ocrx_word' id='word_1_12' title='bbox 164 520 270 594; x_wconf 79' lang='lat' dir='ltr'>mittit,</span> <span class='ocrx_word' id='word_1_13' title='bbox 295 539 423 595; x_wconf 90' lang='lat' dir='ltr'>quorum</span> <span class='ocrx_word' id='word_1_14' title='bbox 458 518 591 578; x_wconf 89' lang='lat' dir='ltr'>adventu</span> <span class='ocrx_word' id='word_1_15' title='bbox 625 525 656 576; x_wconf 92' lang='lat' dir='ltr'>et</span> <span class='ocrx_word' id='word_1_16' title='bbox 688 518 794 577; x_wconf 82' lang='lat' dir='ltr'>Remis</span> <span class='ocrx_word' id='word_1_17' title='bbox 829 538 897 577; x_wconf 90' lang='lat' dir='ltr'>cnm</span> <span class='ocrx_word' id='word_1_18' title='bbox 926 538 981 596; x_wconf 86' lang='lat' dir='ltr'>spe</span> <span class='ocrx_word' id='word_1_19' title='bbox 1004 518 1192 579; x_wconf 83' lang='lat' dir='ltr'>defensionis</span> 
     </span>
     <span class='ocr_line' id='line_1_4' title="bbox 165 603 1192 682; baseline 0 -17"><span class='ocrx_word' id='word_1_20' title='bbox 165 605 299 665; x_wconf 90' lang='lat' dir='ltr'>studium</span> <span class='ocrx_word' id='word_1_21' title='bbox 337 603 551 682; x_wconf 81' lang='lat' dir='ltr'>propugnandi</span> <span class='ocrx_word' id='word_1_22' title='bbox 585 604 729 678; x_wconf 89' lang='lat' dir='ltr'>accessit,</span> <span class='ocrx_word' id='word_1_23' title='bbox 772 611 802 662; x_wconf 91' lang='lat' dir='ltr'>et</span> <span class='ocrx_word' id='word_1_24' title='bbox 840 605 980 664; x_wconf 80' lang='lat' dir='ltr'>hostibus</span> <span class='ocrx_word' id='word_1_25' title='bbox 1014 605 1120 664; x_wconf 90' lang='lat' dir='ltr'>eadem</span> <span class='ocrx_word' id='word_1_26' title='bbox 1154 606 1192 665; x_wconf 90' lang='lat' dir='ltr'>de</span> 
     </span>
     <span class='ocr_line' id='line_1_5' title="bbox 164 689 1193 772; baseline 0 -22"><span class='ocrx_word' id='word_1_27' title='bbox 164 712 258 751; x_wconf 88' lang='lat' dir='ltr'>eausa</span> <span class='ocrx_word' id='word_1_28' title='bbox 291 709 362 768; x_wconf 91' lang='lat' dir='ltr'>spes</span> <span class='ocrx_word' id='word_1_29' title='bbox 396 690 534 772; x_wconf 73' lang='lat' dir='ltr'>potiundi</span> <span class='ocrx_word' id='word_1_30' title='bbox 568 689 671 767; x_wconf 85' lang='lat' dir='ltr'>oppidi</span> <span class='ocrx_word' id='word_1_31' title='bbox 701 690 852 750; x_wconf 76' lang='lat' dir='ltr'><strong>discessit.</strong></span> <span class='ocrx_word' id='word_1_32' title='bbox 904 692 1014 766; x_wconf 90' lang='lat' dir='ltr'>Itaque</span> <span class='ocrx_word' id='word_1_33' title='bbox 1035 691 1193 769; x_wconf 90' lang='lat' dir='ltr'>paulisper</span> 
     </span>
     <span class='ocr_line' id='line_1_6' title="bbox 164 776 1192 856; baseline 0 -20"><span class='ocrx_word' id='word_1_34' title='bbox 164 777 246 856; x_wconf 90' lang='lat' dir='ltr'>apud</span> <span class='ocrx_word' id='word_1_35' title='bbox 279 776 425 854; x_wconf 88' lang='lat' dir='ltr'>oppidum</span> <span class='ocrx_word' id='word_1_36' title='bbox 465 776 584 834; x_wconf 50' lang='lat' dir='ltr'>morati¹</span> <span class='ocrx_word' id='word_1_37' title='bbox 619 796 770 853; x_wconf 84' lang='lat' dir='ltr'>agrosque</span> <span class='ocrx_word' id='word_1_38' title='bbox 803 776 970 835; x_wconf 85' lang='lat' dir='ltr'>Remorum</span> <span class='ocrx_word' id='word_1_39' title='bbox 1014 777 1192 855; x_wconf 90' lang='lat' dir='ltr'>depopulati</span> 
     </span>
     <span class='ocr_line' id='line_1_7' title="bbox 166 856 1191 940; baseline -0.001 -17"><span class='ocrx_word' id='word_1_40' title='bbox 166 863 304 923; x_wconf 89' lang='lat' dir='ltr'>omnibus</span> <span class='ocrx_word' id='word_1_41' title='bbox 335 862 411 923; x_wconf 79' lang='lat' dir='ltr'>vicis</span> <span class='ocrx_word' id='word_1_42' title='bbox 441 861 653 937; x_wconf 81' lang='lat' dir='ltr'>aedificiisque,</span> <span class='ocrx_word' id='word_1_43' title='bbox 684 882 742 937; x_wconf 93' lang='lat' dir='ltr'>quo</span> <span class='ocrx_word' id='word_1_44' title='bbox 773 862 857 921; x_wconf 91' lang='lat' dir='ltr'>adire</span> <span class='ocrx_word' id='word_1_45' title='bbox 889 870 1061 940; x_wconf 90' lang='lat' dir='ltr'>potuerant,</span> <span class='ocrx_word' id='word_1_46' title='bbox 1088 856 1191 922; x_wconf 87' lang='lat' dir='ltr'>incen-</span> 
     </span>
     <span class='ocr_line' id='line_1_8' title="bbox 166 947 1193 1025; baseline 0 -17"><span class='ocrx_word' id='word_1_47' title='bbox 166 950 209 1008; x_wconf 89' lang='lat' dir='ltr'>sis</span> <span class='ocrx_word' id='word_1_48' title='bbox 239 949 278 1007; x_wconf 90' lang='lat' dir='ltr'>ad</span> <span class='ocrx_word' id='word_1_49' title='bbox 307 955 407 1007; x_wconf 91' lang='lat' dir='ltr'>castra</span> <span class='ocrx_word' id='word_1_50' title='bbox 444 947 575 1007; x_wconf 81' lang='lat' dir='ltr'>Oaesaris</span> <span class='ocrx_word' id='word_1_51' title='bbox 609 948 748 1021; x_wconf 72' lang='lat' dir='ltr'>omnibus</span> <span class='ocrx_word' id='word_1_52' title='bbox 779 948 874 1025; x_wconf 86' lang='lat' dir='ltr'>copiis</span> <span class='ocrx_word' id='word_1_53' title='bbox 909 949 1129 1008; x_wconf 89' lang='lat' dir='ltr'>contenderunt</span> <span class='ocrx_word' id='word_1_54' title='bbox 1163 957 1193 1008; x_wconf 93' lang='lat' dir='ltr'>et</span> 
     </span>
     <span class='ocr_line' id='line_1_9' title="bbox 165 1033 1190 1112; baseline -0.001 -18"><span class='ocrx_word' id='word_1_55' title='bbox 165 1037 202 1094; x_wconf 90' lang='lat' dir='ltr'>ab</span> <span class='ocrx_word' id='word_1_56' title='bbox 236 1035 358 1093; x_wconf 89' lang='lat' dir='ltr'>milibus</span> <span class='ocrx_word' id='word_1_57' title='bbox 397 1054 544 1112; x_wconf 84' lang='lat' dir='ltr'>passuum</span> <span class='ocrx_word' id='word_1_58' title='bbox 576 1034 676 1092; x_wconf 91' lang='lat' dir='ltr'>minus</span> <span class='ocrx_word' id='word_1_59' title='bbox 716 1033 834 1093; x_wconf 89' lang='lat' dir='ltr'>duobus</span> <span class='ocrx_word' id='word_1_60' title='bbox 874 1042 975 1093; x_wconf 89' lang='lat' dir='ltr'>castra</span> <span class='ocrx_word' id='word_1_61' title='bbox 1008 1042 1190 1112; x_wconf 73' lang='lat' dir='ltr'>posuerunt,</span> 
     </span>
     <span class='ocr_line' id='line_1_10' title="bbox 89 1106 1191 1198; baseline 0 -19"><span class='ocrx_word' id='word_1_62' title='bbox 89 1122 93 1127; x_wconf 72' lang='grc'><strong>’</strong></span> <span class='ocrx_word' id='word_1_63' title='bbox 165 1141 232 1198; x_wconf 84' lang='lat' dir='ltr'>quae</span> <span class='ocrx_word' id='word_1_64' title='bbox 262 1106 377 1195; x_wconf 76' lang='lat' dir='ltr'>castra,</span> <span class='ocrx_word' id='word_1_65' title='bbox 412 1126 447 1177; x_wconf 90' lang='lat' dir='ltr'>ut</span> <span class='ocrx_word' id='word_1_66' title='bbox 473 1119 557 1178; x_wconf 84' lang='lat' dir='ltr'>fumo</span> <span class='ocrx_word' id='word_1_67' title='bbox 586 1126 677 1195; x_wconf 91' lang='lat' dir='ltr'>atque</span> <span class='ocrx_word' id='word_1_68' title='bbox 704 1120 826 1196; x_wconf 84' lang='lat' dir='ltr'>ignibus</span> <span class='ocrx_word' id='word_1_69' title='bbox 857 1119 1099 1197; x_wconf 87' lang='lat' dir='ltr'>significabatur,</span> <span class='ocrx_word' id='word_1_70' title='bbox 1130 1143 1191 1180; x_wconf 92' lang='lat' dir='ltr'>am-</span> 
     </span>
     <span class='ocr_line' id='line_1_11' title="bbox 164 1206 1093 1285; baseline -0.002 -19"><span class='ocrx_word' id='word_1_71' title='bbox 164 1207 244 1285; x_wconf 91' lang='lat' dir='ltr'>plius</span> <span class='ocrx_word' id='word_1_72' title='bbox 266 1206 389 1264; x_wconf 90' lang='lat' dir='ltr'>milibus</span> <span class='ocrx_word' id='word_1_73' title='bbox 412 1225 558 1283; x_wconf 86' lang='lat' dir='ltr'>passuum</span> <span class='ocrx_word' id='word_1_74' title='bbox 581 1214 648 1264; x_wconf 90' lang='lat' dir='ltr'>octo</span> <span class='ocrx_word' id='word_1_75' title='bbox 671 1206 703 1263; x_wconf 90' lang='lat' dir='ltr'>in</span> <span class='ocrx_word' id='word_1_76' title='bbox 725 1206 917 1264; x_wconf 86' lang='lat' dir='ltr'>latitudinem</span> <span class='ocrx_word' id='word_1_77' title='bbox 939 1207 1093 1284; x_wconf 88' lang='lat' dir='ltr'>patebant.</span> 
     </span>
     <span class='ocr_line' id='line_1_12' title="bbox 249 1290 1192 1369; baseline 0 -18"><span class='ocrx_word' id='word_1_78' title='bbox 249 1292 341 1351; x_wconf 87' lang='lat' dir='ltr'>VIII.</span> <span class='ocrx_word' id='word_1_79' title='bbox 388 1290 492 1350; x_wconf 77' lang='lat' dir='ltr'>Caesar</span> <span class='ocrx_word' id='word_1_80' title='bbox 513 1292 609 1369; x_wconf 90' lang='lat' dir='ltr'>primo</span> <span class='ocrx_word' id='word_1_81' title='bbox 627 1298 658 1350; x_wconf 91' lang='lat' dir='ltr'>et</span> <span class='ocrx_word' id='word_1_82' title='bbox 673 1298 799 1369; x_wconf 90' lang='lat' dir='ltr'>propter</span> <span class='ocrx_word' id='word_1_83' title='bbox 815 1291 1040 1350; x_wconf 75' lang='lat' dir='ltr'>multitudinem</span> <span class='ocrx_word' id='word_1_84' title='bbox 1058 1293 1192 1351; x_wconf 92' lang='lat' dir='ltr'>hostium</span> 
     </span>
     <span class='ocr_line' id='line_1_13' title="bbox 165 1377 1191 1456; baseline 0.002 -19"><span class='ocrx_word' id='word_1_85' title='bbox 165 1386 196 1437; x_wconf 91' lang='lat' dir='ltr'>et</span> <span class='ocrx_word' id='word_1_86' title='bbox 217 1386 342 1456; x_wconf 89' lang='lat' dir='ltr'>propter</span> <span class='ocrx_word' id='word_1_87' title='bbox 376 1377 516 1437; x_wconf 85' lang='lat' dir='ltr'>eximiam</span> <span class='ocrx_word' id='word_1_88' title='bbox 550 1377 720 1454; x_wconf 88' lang='lat' dir='ltr'>opinionem</span> <span class='ocrx_word' id='word_1_89' title='bbox 752 1377 875 1437; x_wconf 80' lang='lat' dir='ltr'>virtutis</span> <span class='ocrx_word' id='word_1_90' title='bbox 908 1378 1015 1455; x_wconf 90' lang='lat' dir='ltr'>proelio</span> <span class='ocrx_word' id='word_1_91' title='bbox 1050 1398 1191 1456; x_wconf 88' lang='lat' dir='ltr'>superse-</span> 
     </span>
    </p>
   </div>
   <div class='ocr_carea' id='block_1_3' title="bbox 165 1463 1193 1541">
    <p class='ocr_par' dir='ltr' id='par_1_3' title="bbox 48 1454 1193 1541">
     <span class='ocr_line' id='line_1_14' title="bbox 165 1463 1193 1541; baseline 0.001 -18.898"><span class='ocrx_word' id='word_1_92' title='bbox 165 1464 237 1522; x_wconf 88' lang='lat' dir='ltr'>dere</span> <span class='ocrx_word' id='word_1_93' title='bbox 262 1464 392 1538; x_wconf 87' lang='lat' dir='ltr'>&#39;statuit;</span> <span class='ocrx_word' id='word_1_94' title='bbox 429 1463 563 1538; x_wconf 89' lang='lat' dir='ltr'>quotidie</span> <span class='ocrx_word' id='word_1_95' title='bbox 596 1469 698 1522; x_wconf 92' lang='lat' dir='ltr'>tamen</span> <span class='ocrx_word' id='word_1_96' title='bbox 732 1464 924 1538; x_wconf 88' lang='lat' dir='ltr'>equestribus</span> <span class='ocrx_word' id='word_1_97' title='bbox 957 1464 1083 1541; x_wconf 85' lang='lat' dir='ltr'>proeliis,</span> <span class='ocrx_word' id='word_1_98' title='bbox 1119 1465 1193 1539; x_wconf 89' lang='lat' dir='ltr'>quid</span> 
     </span>
    </p>
   </div>
   <div class='ocr_carea' id='block_1_4' title="bbox 105 1548 1273 3340">
    <p class='ocr_par' dir='ltr' id='par_1_4' title="bbox 105 1548 1273 3066">
     <span class='ocr_line' id='line_1_15' title="bbox 164 1548 1191 1628; baseline 0.001 -20"><span class='ocrx_word' id='word_1_99' title='bbox 164 1550 262 1608; x_wconf 91' lang='lat' dir='ltr'>hostis</span> <span class='ocrx_word' id='word_1_100' title='bbox 285 1549 398 1610; x_wconf 90' lang='lat' dir='ltr'>virtute</span> <span class='ocrx_word' id='word_1_101' title='bbox 420 1556 525 1626; x_wconf 90' lang='lat' dir='ltr'>posset</span> <span class='ocrx_word' id='word_1_102' title='bbox 555 1555 586 1607; x_wconf 94' lang='lat' dir='ltr'>et</span> <span class='ocrx_word' id='word_1_103' title='bbox 614 1548 687 1624; x_wconf 90' lang='lat' dir='ltr'>quid</span> <span class='ocrx_word' id='word_1_104' title='bbox 719 1549 816 1608; x_wconf 80' lang='lat' dir='ltr'>nostri</span> <span class='ocrx_word' id='word_1_105' title='bbox 850 1549 1006 1624; x_wconf 76' lang='lat' dir='ltr'>auderent,</span> <span class='ocrx_word' id='word_1_106' title='bbox 1041 1551 1191 1628; x_wconf 87' lang='lat' dir='ltr'>periclita-</span> 
     </span>
     <span class='ocr_line' id='line_1_16' title="bbox 164 1634 1192 1710; baseline 0.002 -16"><span class='ocrx_word' id='word_1_107' title='bbox 164 1637 262 1694; x_wconf 91' lang='lat' dir='ltr'>batur.</span> <span class='ocrx_word' id='word_1_108' title='bbox 318 1636 380 1694; x_wconf 90' lang='lat' dir='ltr'>Ubi</span> <span class='ocrx_word' id='word_1_109' title='bbox 402 1641 523 1694; x_wconf 90' lang='lat' dir='ltr'>nostros</span> <span class='ocrx_word' id='word_1_110' title='bbox 556 1655 617 1693; x_wconf 90' lang='lat' dir='ltr'>non</span> <span class='ocrx_word' id='word_1_111' title='bbox 645 1655 713 1694; x_wconf 90' lang='lat' dir='ltr'>esse</span> <span class='ocrx_word' id='word_1_112' title='bbox 744 1634 905 1694; x_wconf 86' lang='lat' dir='ltr'>inferiores</span> <span class='ocrx_word' id='word_1_113' title='bbox 933 1635 1091 1710; x_wconf 84' lang='lat' dir='ltr'>intellexit,</span> <span class='ocrx_word' id='word_1_114' title='bbox 1125 1637 1192 1696; x_wconf 89' lang='lat' dir='ltr'>loeo</span> 
     </span>
     <span class='ocr_line' id='line_1_17' title="bbox 164 1720 1192 1799; baseline 0.002 -19"><span class='ocrx_word' id='word_1_115' title='bbox 164 1742 219 1798; x_wconf 90' lang='lat' dir='ltr'>pro</span> <span class='ocrx_word' id='word_1_116' title='bbox 237 1721 357 1780; x_wconf 79' lang='lat' dir='ltr'>,castris</span> <span class='ocrx_word' id='word_1_117' title='bbox 387 1720 426 1780; x_wconf 91' lang='lat' dir='ltr'>ad</span> <span class='ocrx_word' id='word_1_118' title='bbox 449 1721 545 1780; x_wconf 87' lang='lat' dir='ltr'>aciem</span> <span class='ocrx_word' id='word_1_119' title='bbox 572 1721 781 1785; x_wconf 87' lang='lat' dir='ltr'>instruendam</span> <span class='ocrx_word' id='word_1_120' title='bbox 810 1728 919 1779; x_wconf 89' lang='lat' dir='ltr'>natura</span> <span class='ocrx_word' id='word_1_121' title='bbox 950 1729 1118 1799; x_wconf 89' lang='lat' dir='ltr'>opportuno</span> <span class='ocrx_word' id='word_1_122' title='bbox 1148 1729 1192 1782; x_wconf 91' lang='lat' dir='ltr'>at·</span> 
     </span>
     <span class='ocr_line' id='line_1_18' title="bbox 165 1807 1191 1885; baseline 0.003 -20"><span class='ocrx_word' id='word_1_123' title='bbox 165 1828 223 1882; x_wconf 90' lang='lat' dir='ltr'>que</span> <span class='ocrx_word' id='word_1_124' title='bbox 256 1808 374 1882; x_wconf 89' lang='lat' dir='ltr'>idoneo,</span> <span class='ocrx_word' id='word_1_125' title='bbox 420 1807 502 1882; x_wconf 91' lang='lat' dir='ltr'>quod</span> <span class='ocrx_word' id='word_1_126' title='bbox 545 1807 572 1866; x_wconf 89' lang='lat' dir='ltr'>is</span> <span class='ocrx_word' id='word_1_127' title='bbox 607 1807 701 1882; x_wconf 89' lang='lat' dir='ltr'>collis,</span> <span class='ocrx_word' id='word_1_128' title='bbox 747 1807 800 1865; x_wconf 88' lang='lat' dir='ltr'>ubi</span> <span class='ocrx_word' id='word_1_129' title='bbox 833 1814 934 1866; x_wconf 87' lang='lat' dir='ltr'>eastra</span> <span class='ocrx_word' id='word_1_130' title='bbox 966 1807 1066 1885; x_wconf 90' lang='lat' dir='ltr'>posita</span> <span class='ocrx_word' id='word_1_131' title='bbox 1095 1817 1191 1882; x_wconf 85' lang='lat' dir='ltr'>erant,</span> 
     </span>
     <span class='ocr_line' id='line_1_19' title="bbox 164 1892 1191 1970; baseline 0.003 -20"><span class='ocrx_word' id='word_1_132' title='bbox 164 1893 322 1970; x_wconf 90' lang='lat' dir='ltr'>paululum</span> <span class='ocrx_word' id='word_1_133' title='bbox 351 1913 387 1951; x_wconf 92' lang='lat' dir='ltr'>ex</span> <span class='ocrx_word' id='word_1_134' title='bbox 409 1893 535 1969; x_wconf 86' lang='lat' dir='ltr'>planitie</span> <span class='ocrx_word' id='word_1_135' title='bbox 563 1892 673 1967; x_wconf 73' lang='grc'><strong>6111166,</strong></span> <span class='ocrx_word' id='word_1_136' title='bbox 704 1899 822 1951; x_wconf 89' lang='lat' dir='ltr'>tantum</span> <span class='ocrx_word' id='word_1_137' title='bbox 850 1893 998 1952; x_wconf 88' lang='lat' dir='ltr'>adversus</span> <span class='ocrx_word' id='word_1_138' title='bbox 1028 1893 1060 1951; x_wconf 93' lang='lat' dir='ltr'>in</span> <span class='ocrx_word' id='word_1_139' title='bbox 1088 1894 1191 1953; x_wconf 91' lang='lat' dir='ltr'>latitu-</span> 
     </span>
     <span class='ocr_line' id='line_1_20' title="bbox 166 1978 1192 2058; baseline 0.002 -21"><span class='ocrx_word' id='word_1_140' title='bbox 166 1978 267 2037; x_wconf 92' lang='lat' dir='ltr'>dinem</span> <span class='ocrx_word' id='word_1_141' title='bbox 297 1979 436 2056; x_wconf 90' lang='lat' dir='ltr'>patebat,</span> <span class='ocrx_word' id='word_1_142' title='bbox 472 1985 619 2052; x_wconf 90' lang='lat' dir='ltr'>quantum</span> <span class='ocrx_word' id='word_1_143' title='bbox 651 1978 710 2037; x_wconf 91' lang='lat' dir='ltr'>loci</span> <span class='ocrx_word' id='word_1_144' title='bbox 743 1979 824 2037; x_wconf 91' lang='lat' dir='ltr'>acies</span> <span class='ocrx_word' id='word_1_145' title='bbox 858 1978 1008 2037; x_wconf 89' lang='lat' dir='ltr'>instructa</span> <span class='ocrx_word' id='word_1_146' title='bbox 1042 1999 1192 2058; x_wconf 84' lang='lat' dir='ltr'>occupare</span> 
     </span>
     <span class='ocr_line' id='line_1_21' title="bbox 165 2064 1192 2141; baseline 0.003 -19"><span class='ocrx_word' id='word_1_147' title='bbox 165 2070 294 2141; x_wconf 88' lang='lat' dir='ltr'>poterat,</span> <span class='ocrx_word' id='word_1_148' title='bbox 330 2070 420 2138; x_wconf 89' lang='lat' dir='ltr'>atque</span> <span class='ocrx_word' id='word_1_149' title='bbox 455 2083 491 2122; x_wconf 93' lang='lat' dir='ltr'>ex</span> <span class='ocrx_word' id='word_1_150' title='bbox 514 2070 643 2139; x_wconf 90' lang='lat' dir='ltr'>utraque</span> <span class='ocrx_word' id='word_1_151' title='bbox 675 2071 762 2141; x_wconf 88' lang='lat' dir='ltr'>parte</span> <span class='ocrx_word' id='word_1_152' title='bbox 796 2064 901 2123; x_wconf 90' lang='lat' dir='ltr'>lateris</span> <span class='ocrx_word' id='word_1_153' title='bbox 931 2065 1069 2140; x_wconf 87' lang='lat' dir='ltr'>dejectus</span> <span class='ocrx_word' id='word_1_154' title='bbox 1099 2067 1192 2125; x_wconf 90' lang='lat' dir='ltr'>habe·</span> 
     </span>
     <span class='ocr_line' id='line_1_22' title="bbox 163 2148 1273 2230; baseline 0.002 -22"><span class='ocrx_word' id='word_1_155' title='bbox 163 2151 219 2208; x_wconf 90' lang='lat' dir='ltr'>bat</span> <span class='ocrx_word' id='word_1_156' title='bbox 252 2156 283 2209; x_wconf 95' lang='lat' dir='ltr'>et</span> <span class='ocrx_word' id='word_1_157' title='bbox 309 2149 341 2207; x_wconf 90' lang='lat' dir='ltr'>in</span> <span class='ocrx_word' id='word_1_158' title='bbox 370 2148 501 2208; x_wconf 82' lang='lat' dir='ltr'>frontem</span> <span class='ocrx_word' id='word_1_159' title='bbox 529 2150 637 2208; x_wconf 88' lang='lat' dir='ltr'>leniter</span> <span class='ocrx_word' id='word_1_160' title='bbox 666 2148 829 2227; x_wconf 85' lang='lat' dir='ltr'>fastigatus</span> <span class='ocrx_word' id='word_1_161' title='bbox 858 2151 1005 2228; x_wconf 88' lang='lat' dir='ltr'>paulatim</span> <span class='ocrx_word' id='word_1_162' title='bbox 1034 2150 1072 2209; x_wconf 90' lang='lat' dir='ltr'>ad</span> <span class='ocrx_word' id='word_1_163' title='bbox 1094 2152 1191 2230; x_wconf 91' lang='lat' dir='ltr'>plani·</span> <span class='ocrx_word' id='word_1_164' title='bbox 1271 2189 1273 2196; x_wconf 77' lang='lat'><em>=</em></span> 
     </span>
     <span class='ocr_line' id='line_1_23' title="bbox 165 2236 1257 2313; baseline 0.003 -19"><span class='ocrx_word' id='word_1_165' title='bbox 165 2237 237 2295; x_wconf 92' lang='lat' dir='ltr'>tiem</span> <span class='ocrx_word' id='word_1_166' title='bbox 268 2236 403 2311; x_wconf 86' lang='lat' dir='ltr'>redibat,</span> <span class='ocrx_word' id='word_1_167' title='bbox 433 2236 470 2294; x_wconf 89' lang='lat' dir='ltr'>ab</span> <span class='ocrx_word' id='word_1_168' title='bbox 493 2241 622 2311; x_wconf 87' lang='lat' dir='ltr'>utroque</span> <span class='ocrx_word' id='word_1_169' title='bbox 655 2236 751 2295; x_wconf 90' lang='lat' dir='ltr'>latere</span> <span class='ocrx_word' id='word_1_170' title='bbox 780 2236 847 2313; x_wconf 87' lang='lat' dir='ltr'>ejus</span> <span class='ocrx_word' id='word_1_171' title='bbox 877 2237 962 2295; x_wconf 85' lang='lat' dir='ltr'>collis</span> <span class='ocrx_word' id='word_1_172' title='bbox 984 2244 1193 2297; x_wconf 85' lang='lat' dir='ltr'>transversam</span> <span class='ocrx_word' id='word_1_173' title='bbox 1254 2304 1257 2308; x_wconf 20' lang='lat'><em>4</em></span> 
     </span>
     <span class='ocr_line' id='line_1_24' title="bbox 164 2321 1192 2400; baseline 0.003 -20"><span class='ocrx_word' id='word_1_174' title='bbox 164 2321 280 2381; x_wconf 86' lang='lat' dir='ltr'>fossam</span> <span class='ocrx_word' id='word_1_175' title='bbox 314 2321 441 2381; x_wconf 89' lang='lat' dir='ltr'>obduxit</span> <span class='ocrx_word' id='word_1_176' title='bbox 475 2322 595 2381; x_wconf 90' lang='lat' dir='ltr'>circiter</span> <span class='ocrx_word' id='word_1_177' title='bbox 632 2341 780 2400; x_wconf 90' lang='lat' dir='ltr'>passuum</span> <span class='ocrx_word' id='word_1_178' title='bbox 814 2322 867 2381; x_wconf 81' lang='lat' dir='ltr'>OD</span> <span class='ocrx_word' id='word_1_179' title='bbox 902 2329 932 2381; x_wconf 92' lang='lat' dir='ltr'>et</span> <span class='ocrx_word' id='word_1_180' title='bbox 967 2322 1006 2381; x_wconf 91' lang='lat' dir='ltr'>ad</span> <span class='ocrx_word' id='word_1_181' title='bbox 1039 2330 1192 2383; x_wconf 90' lang='lat' dir='ltr'>extremas</span> 
     </span>
     <span class='ocr_line' id='line_1_25' title="bbox 164 2407 1190 2485; baseline 0.004 -20"><span class='ocrx_word' id='word_1_182' title='bbox 164 2407 264 2467; x_wconf 78' lang='lat' dir='ltr'>fossas</span> <span class='ocrx_word' id='word_1_183' title='bbox 299 2409 425 2467; x_wconf 84' lang='lat' dir='ltr'>castella</span> <span class='ocrx_word' id='word_1_184' title='bbox 453 2407 609 2467; x_wconf 91' lang='lat' dir='ltr'>constituit</span> <span class='ocrx_word' id='word_1_185' title='bbox 641 2408 744 2484; x_wconf 86' lang='lat' dir='ltr'>ibique</span> <span class='ocrx_word' id='word_1_186' title='bbox 765 2414 916 2467; x_wconf 89' lang='lat' dir='ltr'>tormenta</span> <span class='ocrx_word' id='word_1_187' title='bbox 945 2409 1113 2484; x_wconf 85' lang='lat' dir='ltr'>collocavit,</span> <span class='ocrx_word' id='word_1_188' title='bbox 1142 2430 1190 2485; x_wconf 89' lang='lat' dir='ltr'>ne,</span> 
     </span>
     <span class='ocr_line' id='line_1_26' title="bbox 164 2493 1191 2571; baseline 0.003 -20"><span class='ocrx_word' id='word_1_189' title='bbox 164 2514 257 2568; x_wconf 92' lang='lat' dir='ltr'>quum</span> <span class='ocrx_word' id='word_1_190' title='bbox 290 2494 384 2553; x_wconf 91' lang='lat' dir='ltr'>aciem</span> <span class='ocrx_word' id='word_1_191' title='bbox 417 2493 622 2570; x_wconf 85' lang='lat' dir='ltr'>instruxisset,</span> <span class='ocrx_word' id='word_1_192' title='bbox 656 2495 770 2570; x_wconf 89' lang='lat' dir='ltr'>hostes,</span> <span class='ocrx_word' id='word_1_193' title='bbox 802 2493 883 2571; x_wconf 89' lang='lat' dir='ltr'>quod</span> <span class='ocrx_word' id='word_1_194' title='bbox 910 2501 1028 2553; x_wconf 91' lang='lat' dir='ltr'>tantum</span> <span class='ocrx_word' id='word_1_195' title='bbox 1056 2495 1191 2554; x_wconf 90' lang='lat' dir='ltr'>multitu·</span> 
     </span>
     <span class='ocr_line' id='line_1_27' title="bbox 165 2579 1191 2657; baseline 0.003 -21"><span class='ocrx_word' id='word_1_196' title='bbox 165 2579 235 2638; x_wconf 87' lang='lat' dir='ltr'>dine</span> <span class='ocrx_word' id='word_1_197' title='bbox 256 2586 407 2656; x_wconf 89' lang='lat' dir='ltr'>poterant,</span> <span class='ocrx_word' id='word_1_198' title='bbox 443 2579 628 2638; x_wconf 89' lang='lat' dir='ltr'>alateribus</span> <span class='ocrx_word' id='word_1_199' title='bbox 661 2587 832 2657; x_wconf 88' lang='lat' dir='ltr'>pugnantes</span> <span class='ocrx_word' id='word_1_200' title='bbox 867 2600 938 2639; x_wconf 89' lang='lat' dir='ltr'>suos</span> <span class='ocrx_word' id='word_1_201' title='bbox 973 2580 1191 2640; x_wconf 90' lang='lat' dir='ltr'>circumvenire</span> 
     </span>
     <span class='ocr_line' id='line_1_28' title="bbox 164 2663 1191 2744; baseline 0.003 -22"><span class='ocrx_word' id='word_1_202' title='bbox 164 2671 299 2741; x_wconf 90' lang='lat' dir='ltr'>possent.</span> <span class='ocrx_word' id='word_1_203' title='bbox 355 2665 423 2723; x_wconf 87' lang='lat' dir='ltr'>Hoe</span> <span class='ocrx_word' id='word_1_204' title='bbox 462 2663 543 2723; x_wconf 78' lang='lat' dir='ltr'>tacto</span> <span class='ocrx_word' id='word_1_205' title='bbox 578 2665 696 2723; x_wconf 88' lang='lat' dir='ltr'>duabus</span> <span class='ocrx_word' id='word_1_206' title='bbox 730 2665 910 2741; x_wconf 69' lang='lat' dir='ltr'>legionibus</span> <span class='ocrx_word' id='word_1_207' title='bbox 945 2685 1022 2740; x_wconf 89' lang='lat' dir='ltr'>quas</span> <span class='ocrx_word' id='word_1_208' title='bbox 1055 2667 1191 2744; x_wconf 88' lang='lat' dir='ltr'>proxime</span> 
     </span>
     <span class='ocr_line' id='line_1_29' title="bbox 165 2750 1189 2829; baseline 0.003 -21"><span class='ocrx_word' id='word_1_209' title='bbox 165 2750 397 2827; x_wconf 81' lang='lat' dir='ltr'>conscripserat,</span> <span class='ocrx_word' id='word_1_210' title='bbox 419 2750 451 2808; x_wconf 90' lang='lat' dir='ltr'>in</span> <span class='ocrx_word' id='word_1_211' title='bbox 482 2750 591 2808; x_wconf 89' lang='lat' dir='ltr'>eastris</span> <span class='ocrx_word' id='word_1_212' title='bbox 618 2751 743 2826; x_wconf 89' lang='lat' dir='ltr'>relictis,</span> <span class='ocrx_word' id='word_1_213' title='bbox 772 2758 816 2826; x_wconf 90' lang='lat' dir='ltr'>ut,</span> <span class='ocrx_word' id='word_1_214' title='bbox 846 2750 873 2809; x_wconf 90' lang='lat' dir='ltr'>si</span> <span class='ocrx_word' id='word_1_215' title='bbox 901 2771 960 2826; x_wconf 90' lang='lat' dir='ltr'>quo</span> <span class='ocrx_word' id='word_1_216' title='bbox 985 2772 1061 2829; x_wconf 88' lang='lat' dir='ltr'>opus</span> <span class='ocrx_word' id='word_1_217' title='bbox 1098 2761 1189 2828; x_wconf 90' lang='lat' dir='ltr'>esset,</span> 
     </span>
     <span class='ocr_line' id='line_1_30' title="bbox 105 2834 1190 2915; baseline 0.003 -21"><span class='ocrx_word' id='word_1_218' title='bbox 105 2856 109 2863; x_wconf 62' lang='lat'>¹</span> <span class='ocrx_word' id='word_1_219' title='bbox 165 2835 301 2895; x_wconf 86' lang='lat' dir='ltr'>subsidio</span> <span class='ocrx_word' id='word_1_220' title='bbox 324 2834 395 2894; x_wconf 89' lang='lat' dir='ltr'>duci</span> <span class='ocrx_word' id='word_1_221' title='bbox 415 2842 551 2913; x_wconf 88' lang='lat' dir='ltr'>possent,</span> <span class='ocrx_word' id='word_1_222' title='bbox 581 2836 715 2911; x_wconf 90' lang='lat' dir='ltr'>reliquas</span> <span class='ocrx_word' id='word_1_223' title='bbox 747 2855 802 2895; x_wconf 92' lang='lat' dir='ltr'>sex</span> <span class='ocrx_word' id='word_1_224' title='bbox 829 2836 964 2913; x_wconf 87' lang='lat' dir='ltr'>legiones</span> <span class='ocrx_word' id='word_1_225' title='bbox 992 2858 1048 2915; x_wconf 92' lang='lat' dir='ltr'>pro</span> <span class='ocrx_word' id='word_1_226' title='bbox 1080 2839 1190 2897; x_wconf 88' lang='lat' dir='ltr'>castris</span> 
     </span>
     <span class='ocr_line' id='line_1_31' title="bbox 163 2921 1190 3000; baseline 0.003 -21"><span class='ocrx_word' id='word_1_227' title='bbox 163 2922 196 2979; x_wconf 91' lang='lat' dir='ltr'>in</span> <span class='ocrx_word' id='word_1_228' title='bbox 218 2921 282 2980; x_wconf 88' lang='lat' dir='ltr'>acie</span> <span class='ocrx_word' id='word_1_229' title='bbox 312 2921 479 2980; x_wconf 86' lang='lat' dir='ltr'>constituit.</span> <span class='ocrx_word' id='word_1_230' title='bbox 530 2921 646 2981; x_wconf 88' lang='lat' dir='ltr'>Hostes</span> <span class='ocrx_word' id='word_1_231' title='bbox 668 2922 742 2981; x_wconf 89' lang='lat' dir='ltr'>item</span> <span class='ocrx_word' id='word_1_232' title='bbox 759 2941 848 2981; x_wconf 77' lang='lat' dir='ltr'>·suas</span> <span class='ocrx_word' id='word_1_233' title='bbox 879 2924 981 3000; x_wconf 89' lang='lat' dir='ltr'>copias</span> <span class='ocrx_word' id='word_1_234' title='bbox 1013 2943 1050 2981; x_wconf 94' lang='lat' dir='ltr'>ex</span> <span class='ocrx_word' id='word_1_235' title='bbox 1079 2925 1190 2983; x_wconf 89' lang='lat' dir='ltr'>castris</span> 
     </span>
     <span class='ocr_line' id='line_1_32' title="bbox 165 3007 532 3066; baseline -0.005 0"><span class='ocrx_word' id='word_1_236' title='bbox 165 3007 292 3066; x_wconf 90' lang='lat' dir='ltr'>eductas</span> <span class='ocrx_word' id='word_1_237' title='bbox 315 3008 532 3066; x_wconf 88' lang='lat' dir='ltr'>instruxerant.</span> 
     </span>
    </p>

    <p class='ocr_par' dir='ltr' id='par_1_5' title="bbox 163 3093 1189 3340">
     <span class='ocr_line' id='line_1_33' title="bbox 248 3093 1189 3171; baseline 0.001 -20"><span class='ocrx_word' id='word_1_238' title='bbox 248 3093 307 3151; x_wconf 91' lang='lat' dir='ltr'>IX.</span> <span class='ocrx_word' id='word_1_239' title='bbox 363 3093 457 3152; x_wconf 89' lang='lat' dir='ltr'>Palus</span> <span class='ocrx_word' id='word_1_240' title='bbox 492 3099 557 3152; x_wconf 90' lang='lat' dir='ltr'>erat</span> <span class='ocrx_word' id='word_1_241' title='bbox 589 3114 650 3152; x_wconf 90' lang='lat' dir='ltr'>non</span> <span class='ocrx_word' id='word_1_242' title='bbox 683 3114 794 3171; x_wconf 88' lang='lat' dir='ltr'>magna</span> <span class='ocrx_word' id='word_1_243' title='bbox 826 3094 907 3152; x_wconf 89' lang='lat' dir='ltr'>inter</span> <span class='ocrx_word' id='word_1_244' title='bbox 928 3100 1067 3152; x_wconf 89' lang='lat' dir='ltr'>nostrum</span> <span class='ocrx_word' id='word_1_245' title='bbox 1097 3102 1189 3169; x_wconf 89' lang='lat' dir='ltr'>atque</span> 
     </span>
     <span class='ocr_line' id='line_1_34' title="bbox 163 3177 1188 3255; baseline 0.002 -19"><span class='ocrx_word' id='word_1_246' title='bbox 163 3177 297 3236; x_wconf 91' lang='lat' dir='ltr'>hostium</span> <span class='ocrx_word' id='word_1_247' title='bbox 336 3179 510 3237; x_wconf 88' lang='lat' dir='ltr'>exereitum.</span> <span class='ocrx_word' id='word_1_248' title='bbox 562 3179 651 3238; x_wconf 90' lang='lat' dir='ltr'>Hanc</span> <span class='ocrx_word' id='word_1_249' title='bbox 685 3180 712 3238; x_wconf 90' lang='lat' dir='ltr'>si</span> <span class='ocrx_word' id='word_1_250' title='bbox 744 3180 841 3238; x_wconf 92' lang='lat' dir='ltr'>nostri</span> <span class='ocrx_word' id='word_1_251' title='bbox 874 3179 1048 3255; x_wconf 91' lang='lat' dir='ltr'>transirent,</span> <span class='ocrx_word' id='word_1_252' title='bbox 1083 3179 1188 3238; x_wconf 90' lang='lat' dir='ltr'>hostes</span> 
     </span>
     <span class='ocr_line' id='line_1_35' title="bbox 165 3264 1188 3340; baseline 0.003 -19"><span class='ocrx_word' id='word_1_253' title='bbox 165 3264 384 3340; x_wconf 80' lang='lat' dir='ltr'>expectabant3</span> <span class='ocrx_word' id='word_1_254' title='bbox 419 3265 517 3323; x_wconf 90' lang='lat' dir='ltr'>nostri</span> <span class='ocrx_word' id='word_1_255' title='bbox 550 3271 660 3340; x_wconf 89' lang='lat' dir='ltr'>autem,</span> <span class='ocrx_word' id='word_1_256' title='bbox 695 3265 722 3323; x_wconf 87' lang='lat' dir='ltr'>si</span> <span class='ocrx_word' id='word_1_257' title='bbox 756 3267 793 3324; x_wconf 88' lang='lat' dir='ltr'>ab</span> <span class='ocrx_word' id='word_1_258' title='bbox 826 3265 887 3324; x_wconf 88' lang='lat' dir='ltr'>illis</span> <span class='ocrx_word' id='word_1_259' title='bbox 920 3265 1040 3324; x_wconf 89' lang='lat' dir='ltr'>initium</span> <span class='ocrx_word' id='word_1_260' title='bbox 1070 3272 1188 3324; x_wconf 85' lang='lat' dir='ltr'>transe-</span> 
     </span>
    </p>
   </div>
   <div class='ocr_carea' id='block_1_5' title="bbox 31 3348 1189 3429">
    <p class='ocr_par' dir='ltr' id='par_1_6' title="bbox 31 3348 1189 3429">
     <span class='ocr_line' id='line_1_36' title="bbox 31 3348 1189 3429; baseline 0.002 -22"><span class='ocrx_word' id='word_1_261' title='bbox 31 3380 54 3427; x_wconf 53' lang='grc' dir='ltr'><strong>χ</strong></span> <span class='ocrx_word' id='word_1_262' title='bbox 162 3348 236 3407; x_wconf 90' lang='lat' dir='ltr'>undi</span> <span class='ocrx_word' id='word_1_263' title='bbox 257 3348 353 3424; x_wconf 90' lang='lat' dir='ltr'>fieret,</span> <span class='ocrx_word' id='word_1_264' title='bbox 381 3355 416 3408; x_wconf 92' lang='lat' dir='ltr'>ut</span> <span class='ocrx_word' id='word_1_265' title='bbox 443 3349 604 3427; x_wconf 88' lang='lat' dir='ltr'>impeditos</span> <span class='ocrx_word' id='word_1_266' title='bbox 641 3351 889 3429; x_wconf 88' lang='lat' dir='ltr'>aggrederentur,</span> <span class='ocrx_word' id='word_1_267' title='bbox 913 3352 1013 3428; x_wconf 90' lang='lat' dir='ltr'>parati</span> <span class='ocrx_word' id='word_1_268' title='bbox 1041 3352 1072 3409; x_wconf 90' lang='lat' dir='ltr'>in</span> <span class='ocrx_word' id='word_1_269' title='bbox 1096 3352 1189 3409; x_wconf 88' lang='lat' dir='ltr'>armis</span> 
     </span>
    </p>
   </div>
   <div class='ocr_carea' id='block_1_6' title="bbox 161 3433 1189 4028">
    <p class='ocr_par' dir='ltr' id='par_1_7' title="bbox 161 3433 1189 4028">
     <span class='ocr_line' id='line_1_37' title="bbox 164 3433 1188 3513; baseline 0.002 -21"><span class='ocrx_word' id='word_1_270' title='bbox 164 3440 259 3493; x_wconf 88' lang='lat' dir='ltr'>erant.</span> <span class='ocrx_word' id='word_1_271' title='bbox 312 3433 441 3493; x_wconf 84' lang='lat' dir='ltr'>Interim</span> <span class='ocrx_word' id='word_1_272' title='bbox 472 3436 578 3513; x_wconf 89' lang='lat' dir='ltr'>proelio</span> <span class='ocrx_word' id='word_1_273' title='bbox 613 3437 746 3512; x_wconf 90' lang='lat' dir='ltr'>equestri</span> <span class='ocrx_word' id='word_1_274' title='bbox 778 3437 858 3495; x_wconf 90' lang='lat' dir='ltr'>inter</span> <span class='ocrx_word' id='word_1_275' title='bbox 892 3436 968 3495; x_wconf 88' lang='lat' dir='ltr'>duas</span> <span class='ocrx_word' id='word_1_276' title='bbox 1002 3437 1083 3496; x_wconf 86' lang='lat' dir='ltr'>acies</span> <span class='ocrx_word' id='word_1_277' title='bbox 1118 3456 1188 3495; x_wconf 88' lang='lat' dir='ltr'>con-</span> 
     </span>
     <span class='ocr_line' id='line_1_38' title="bbox 163 3519 1187 3597; baseline 0.003 -19"><span class='ocrx_word' id='word_1_278' title='bbox 163 3519 354 3579; x_wconf 88' lang='lat' dir='ltr'>tendebatur.</span> <span class='ocrx_word' id='word_1_279' title='bbox 399 3520 461 3579; x_wconf 90' lang='lat' dir='ltr'>Ubi</span> <span class='ocrx_word' id='word_1_280' title='bbox 494 3522 595 3580; x_wconf 90' lang='lat' dir='ltr'>neutri</span> <span class='ocrx_word' id='word_1_281' title='bbox 622 3522 801 3581; x_wconf 89' lang='lat' dir='ltr'>transeundi</span> <span class='ocrx_word' id='word_1_282' title='bbox 829 3522 948 3581; x_wconf 89' lang='lat' dir='ltr'>initium</span> <span class='ocrx_word' id='word_1_283' title='bbox 981 3521 1106 3597; x_wconf 85' lang='lat' dir='ltr'>faciunt,</span> <span class='ocrx_word' id='word_1_284' title='bbox 1141 3541 1187 3581; x_wconf 93' lang='lat' dir='ltr'>se-</span> 
     </span>
     <span class='ocr_line' id='line_1_39' title="bbox 164 3605 1189 3684; baseline 0.002 -20"><span class='ocrx_word' id='word_1_285' title='bbox 164 3606 308 3665; x_wconf 89' lang='lat' dir='ltr'>cundiore</span> <span class='ocrx_word' id='word_1_286' title='bbox 338 3605 472 3682; x_wconf 92' lang='lat' dir='ltr'>equitum</span> <span class='ocrx_word' id='word_1_287' title='bbox 504 3607 610 3684; x_wconf 89' lang='lat' dir='ltr'>proelio</span> <span class='ocrx_word' id='word_1_288' title='bbox 643 3607 756 3667; x_wconf 89' lang='lat' dir='ltr'>nostris</span> <span class='ocrx_word' id='word_1_289' title='bbox 782 3607 885 3666; x_wconf 80' lang='lat' dir='ltr'>Caesar</span> <span class='ocrx_word' id='word_1_290' title='bbox 918 3627 990 3667; x_wconf 89' lang='lat' dir='ltr'>suos</span> <span class='ocrx_word' id='word_1_291' title='bbox 1022 3609 1055 3666; x_wconf 93' lang='lat' dir='ltr'>in</span> <span class='ocrx_word' id='word_1_292' title='bbox 1087 3614 1189 3667; x_wconf 90' lang='lat' dir='ltr'>eastra</span> 
     </span>
     <span class='ocr_line' id='line_1_40' title="bbox 162 3691 1187 3770; baseline 0.002 -20"><span class='ocrx_word' id='word_1_293' title='bbox 162 3691 293 3750; x_wconf 89' lang='lat' dir='ltr'>reduxit.</span> <span class='ocrx_word' id='word_1_294' title='bbox 338 3692 454 3751; x_wconf 92' lang='lat' dir='ltr'>Hostes</span> <span class='ocrx_word' id='word_1_295' title='bbox 487 3693 625 3770; x_wconf 87' lang='lat' dir='ltr'>protinus</span> <span class='ocrx_word' id='word_1_296' title='bbox 659 3713 695 3752; x_wconf 89' lang='lat' dir='ltr'>ex</span> <span class='ocrx_word' id='word_1_297' title='bbox 730 3713 764 3752; x_wconf 92' lang='lat' dir='ltr'>eo</span> <span class='ocrx_word' id='word_1_298' title='bbox 798 3694 864 3752; x_wconf 91' lang='lat' dir='ltr'>loco</span> <span class='ocrx_word' id='word_1_299' title='bbox 899 3695 938 3752; x_wconf 89' lang='lat' dir='ltr'>ad</span> <span class='ocrx_word' id='word_1_300' title='bbox 970 3692 1083 3752; x_wconf 88' lang='lat' dir='ltr'>flumen</span> <span class='ocrx_word' id='word_1_301' title='bbox 1104 3694 1187 3752; x_wconf 83' lang='lat' dir='ltr'>Axo-</span> 
     </span>
     <span class='ocr_line' id='line_1_41' title="bbox 162 3777 1186 3857; baseline 0.004 -23"><span class='ocrx_word' id='word_1_302' title='bbox 162 3797 233 3835; x_wconf 92' lang='lat' dir='ltr'>nam</span> <span class='ocrx_word' id='word_1_303' title='bbox 256 3777 485 3854; x_wconf 88' lang='lat' dir='ltr'>contenderunt,</span> <span class='ocrx_word' id='word_1_304' title='bbox 510 3778 591 3853; x_wconf 90' lang='lat' dir='ltr'>quod</span> <span class='ocrx_word' id='word_1_305' title='bbox 613 3797 682 3837; x_wconf 91' lang='lat' dir='ltr'>esse</span> <span class='ocrx_word' id='word_1_306' title='bbox 703 3786 775 3857; x_wconf 92' lang='lat' dir='ltr'>post</span> <span class='ocrx_word' id='word_1_307' title='bbox 796 3788 901 3838; x_wconf 88' lang='lat' dir='ltr'>nostra</span> <span class='ocrx_word' id='word_1_308' title='bbox 932 3786 1033 3838; x_wconf 89' lang='lat' dir='ltr'>castra</span> <span class='ocrx_word' id='word_1_309' title='bbox 1063 3780 1186 3838; x_wconf 91' lang='lat' dir='ltr'>demon-</span> 
     </span>
     <span class='ocr_line' id='line_1_42' title="bbox 163 3863 1187 3943; baseline 0.004 -23"><span class='ocrx_word' id='word_1_310' title='bbox 163 3869 293 3922; x_wconf 87' lang='lat' dir='ltr'>stratum</span> <span class='ocrx_word' id='word_1_311' title='bbox 321 3872 377 3923; x_wconf 90' lang='lat' dir='ltr'>est.</span> <span class='ocrx_word' id='word_1_312' title='bbox 422 3864 471 3923; x_wconf 89' lang='lat' dir='ltr'>Ibi</span> <span class='ocrx_word' id='word_1_313' title='bbox 503 3863 592 3923; x_wconf 87' lang='lat' dir='ltr'>vadis</span> <span class='ocrx_word' id='word_1_314' title='bbox 624 3864 754 3942; x_wconf 87' lang='lat' dir='ltr'>repertis</span> <span class='ocrx_word' id='word_1_315' title='bbox 786 3872 905 3943; x_wconf 92' lang='lat' dir='ltr'>partem</span> <span class='ocrx_word' id='word_1_316' title='bbox 934 3885 1056 3924; x_wconf 85' lang='lat' dir='ltr'>suarum</span> <span class='ocrx_word' id='word_1_317' title='bbox 1086 3865 1187 3943; x_wconf 87' lang='lat' dir='ltr'>copia-</span> 
     </span>
     <span class='ocr_line' id='line_1_43' title="bbox 161 3949 1185 4028; baseline 0.004 -22"><span class='ocrx_word' id='word_1_318' title='bbox 161 3969 229 4006; x_wconf 90' lang='lat' dir='ltr'>rum</span> <span class='ocrx_word' id='word_1_319' title='bbox 250 3949 410 4009; x_wconf 81' lang='lat' dir='ltr'>traducere</span> <span class='ocrx_word' id='word_1_320' title='bbox 445 3950 546 4009; x_wconf 91' lang='lat' dir='ltr'>conati</span> <span class='ocrx_word' id='word_1_321' title='bbox 579 3957 649 4008; x_wconf 88' lang='lat' dir='ltr'>sunt</span> <span class='ocrx_word' id='word_1_322' title='bbox 683 3971 718 4010; x_wconf 94' lang='lat' dir='ltr'>eo</span> <span class='ocrx_word' id='word_1_323' title='bbox 752 3952 886 4027; x_wconf 88' lang='lat' dir='ltr'>oonsilio,</span> <span class='ocrx_word' id='word_1_324' title='bbox 921 3958 965 4026; x_wconf 86' lang='lat' dir='ltr'>ut,</span> <span class='ocrx_word' id='word_1_325' title='bbox 1000 3951 1027 4010; x_wconf 93' lang='lat' dir='ltr'>si</span> <span class='ocrx_word' id='word_1_326' title='bbox 1048 3958 1185 4028; x_wconf 87' lang='lat' dir='ltr'>possent,</span> 
     </span>
    </p>
   </div>
   <div class='ocr_carea' id='block_1_7' title="bbox 0 0 1340 4456">
    <p class='ocr_par' dir='ltr' id='par_1_8' title="bbox 0 0 1340 4456">
     <span class='ocr_line' id='line_1_44' title="bbox 0 0 1340 4456; baseline 0 0"><span class='ocrx_word' id='word_1_327' title='bbox 0 0 1340 4456; x_wconf 95' lang='lat' dir='ltr'> </span> 
     </span>
    </p>
   </div>
  </div>
 </body>
</html>
