2670 4456
164 282 203 339 72
481 270 534 323 nn
552 267 680 322 sumo
699 269 870 324 caumoo

162 469 204 527 lia
236 485 292 526 sex
320 469 537 524 convenerimt.
589 462 657 533 Qua
684 484 718 522 ro
747 466 887 525 nuntiata
921 464 1026 524 Oaesar
1054 482 1175 522 omnem

164 575 202 613 ex
225 551 335 611 castris
359 549 528 625 equitatum
550 549 614 607 suis
638 549 749 609 auxilio
772 552 865 609 misit.
916 550 1046 609 Interim
1075 548 1175 607 nostri

164 640 277 698 milites
310 637 457 713 impetum
495 634 628 693 hostium
668 636 879 694 sustinuerunt
918 644 1010 711 atque
1044 634 1175 712 amplius
1271 634 1276 640 ’

164 725 248 784 horis
271 729 416 798 quattuor
436 718 603 779 fortissime
629 730 846 798 pugnavenmt
873 729 905 780 et
931 721 1039 799 paucis
1066 720 1175 779 vulne-

164 812 250 869 ribus
284 806 419 884 acceptis
453 806 626 883 complures
668 825 706 865 ex
743 807 782 866 iis
816 807 1003 867 occiderunt.
1060 806 1176 864 Postea

166 915 239 956 vero
262 913 353 969 quam
376 891 532 966 equitatus
553 899 660 950 nostor
681 893 714 950 in
735 900 935 972 conspectum
952 891 1045 966 venit,
1069 891 1176 949 hostes

167 980 299 1058 abjectis
322 977 415 1037 armis
437 984 526 1054 terga
547 984 707 1055 verterunt
728 999 920 1056 magnusque
943 998 1047 1037 eorum
1069 997 1174 1035 nume-

166 1087 220 1127 rus
243 1071 291 1124 est
314 1063 444 1122 occisus.

252 1148 443 1209 XXXVIII.
479 1146 585 1209 Caesar
594 1156 719 1225 postero
738 1149 786 1208 die
804 1149 839 1208 Τ.
852 1149 1024 1207 Labienum
1040 1148 1178 1225 legatum

168 1258 237 1298 cum
269 1236 308 1294 iis
334 1233 524 1310 legionibus,
563 1253 640 1308 quas
674 1254 711 1293 ex
743 1235 904 1294 Britannia
936 1234 1111 1307 reduxerat,
1145 1233 1177 1290 in

167 1324 313 1395 Morinos,
348 1319 401 1395 qui
430 1318 628 1378 rebellionem
655 1318 809 1396 fecerant,
844 1320 937 1379 misit.
990 1320 1049 1391 Qui
1084 1338 1177 1395 quum

168 1416 295 1489 propter
316 1405 473 1464 siccitates
495 1404 652 1482 paludum,
676 1427 736 1482 quo
759 1426 794 1465 se
815 1407 1003 1484 reciperent,
1032 1424 1095 1464 non
1124 1404 1176 1462 ha-

168 1499 278 1556 berent
300 1490 373 1565 (qno
397 1490 555 1567 superiore
583 1511 662 1550 anno
690 1491 832 1570 perfugio
864 1498 951 1551 erant
972 1491 1049 1566 usi),
1072 1509 1178 1549 omnes

169 1579 288 1641 sercin
309 1583 495 1654 potestatem
505 1575 635 1636 Labieni
655 1586 872 1656 pervenerunt.
917 1576 961 1635 At
984 1576 1020 1647 Q.
1039 1575 1177 1634 Titurius

170 1675 201 1727 et
223 1660 262 1724 L.
294 1661 384 1720 Cotta
413 1661 523 1738 legati,
558 1663 610 1736 qui
636 1663 668 1722 in
695 1664 908 1742 Menapiorum
935 1662 1012 1721 fines
1040 1662 1178 1738 legiones

171 1755 331 1821 duxerant,
355 1747 496 1807 omnibus
519 1767 624 1806 eorum
646 1750 729 1828 agris
751 1750 892 1823 vastatis,
922 1748 1086 1807 frumentis
1108 1766 1177 1805 suc·

171 1839 254 1913 cisis,
279 1831 416 1895 aedificiis
438 1833 581 1908 incensis,
607 1836 688 1910 quod
709 1834 846 1913 Menapii
867 1854 901 1893 se
924 1853 1029 1893 omnes
1051 1833 1083 1891 in
1105 1832 1178 1892 den-

172 1923 310 1983 sissimas
333 1918 428 1977 silvas
451 1918 644 1995 abdiderant,
675 1941 708 1981 so
736 1921 776 1981 ad
804 1920 958 1980 Gaesarem
986 1925 1177 1996 receperimt.

174 2010 279 2070 Caesar
312 2003 344 2061 in
373 2003 481 2080 Belgis
514 2005 648 2064 omnium
675 2007 830 2084 legionum
863 2006 992 2065 hiberna
1010 2005 1177 2064 constituit.

171 2097 218 2155 Eo
242 2094 310 2152 duae
334 2088 454 2147 omnino
478 2089 619 2150 civitates
643 2113 680 2152 ex
690 2093 851 2152 Britannia
874 2091 997 2151 obsides
1019 2090 1177 2163 miserunt,

172 2181 297 2256 reliquae
318 2174 528 2251 neglexerunt.
572 2177 631 2236 His
653 2180 746 2238 rebus
768 2178 865 2256 gestis
888 2197 926 2236 ex
947 2177 1057 2235 litteris
1077 2174 1179 2234 Oresa-

172 2269 216 2328 τίς
238 2266 357 2326 dierum
378 2259 444 2319 XX
466 2260 647 2339 supplicatio
671 2286 689 2324 a
711 2271 822 2324 senatu
845 2263 969 2322 decreta
991 2269 1048 2321 est.
