<?xml version="1.0" encoding="UTF-8"?>
<!DOCTYPE html PUBLIC "-//W3C//DTD XHTML 1.0 Transitional//EN"
    "http://www.w3.org/TR/xhtml1/DTD/xhtml1-transitional.dtd">
<html xmlns="http://www.w3.org/1999/xhtml" xml:lang="en" lang="en">
 <head>
  <title>
</title>
<meta http-equiv="Content-Type" content="text/html;charset=utf-8" />
  <meta name='ocr-system' content='tesseract 3.04.00' />
  <meta name='ocr-capabilities' content='ocr_page ocr_carea ocr_par ocr_line ocrx_word'/>
</head>
<body>
  <div class='ocr_page' id='page_1' title='image "./debellogallico00caesgoog_0181.png"; bbox 0 0 2670 4456; ppageno 0'>
   <div class='ocr_carea' id='block_1_1' title="bbox 163 241 864 311">
    <p class='ocr_par' dir='ltr' id='par_1_1' title="bbox 163 241 864 311">
     <span class='ocr_line' id='line_1_1' title="bbox 163 241 864 311; baseline 0.001 -14"><span class='ocrx_word' id='word_1_1' title='bbox 163 253 224 311; x_wconf 81' lang='lat'>172</span> <span class='ocrx_word' id='word_1_2' title='bbox 477 244 530 298; x_wconf 87' lang='lat' dir='ltr'>DE</span> <span class='ocrx_word' id='word_1_3' title='bbox 547 242 674 298; x_wconf 81' lang='lat' dir='ltr'>BELLO</span> <span class='ocrx_word' id='word_1_4' title='bbox 694 241 864 298; x_wconf 82' lang='lat' dir='ltr'><strong>GALLICO</strong></span> 
     </span>
    </p>
   </div>
   <div class='ocr_carea' id='block_1_2' title="bbox 161 436 1173 3951">
    <p class='ocr_par' dir='ltr' id='par_1_2' title="bbox 161 436 1169 1118">
     <span class='ocr_line' id='line_1_2' title="bbox 161 436 1167 513; baseline -0.002 -15"><span class='ocrx_word' id='word_1_5' title='bbox 161 438 370 499; x_wconf 88' lang='lat' dir='ltr'>faciendorum</span> <span class='ocrx_word' id='word_1_6' title='bbox 413 437 591 498; x_wconf 81' lang='lat' dir='ltr'>facultatem</span> <span class='ocrx_word' id='word_1_7' title='bbox 633 439 795 513; x_wconf 86' lang='lat' dir='ltr'>haberent,</span> <span class='ocrx_word' id='word_1_8' title='bbox 840 439 871 497; x_wconf 94' lang='lat' dir='ltr'>in</span> <span class='ocrx_word' id='word_1_9' title='bbox 910 436 1021 497; x_wconf 91' lang='lat' dir='ltr'>finibus</span> <span class='ocrx_word' id='word_1_10' title='bbox 1067 439 1167 498; x_wconf 90' lang='lat' dir='ltr'>oonsi-</span> 
     </span>
     <span class='ocr_line' id='line_1_3' title="bbox 162 524 1167 602; baseline -0.001 -17"><span class='ocrx_word' id='word_1_11' title='bbox 162 533 247 585; x_wconf 88' lang='lat' dir='ltr'>stunt</span> <span class='ocrx_word' id='word_1_12' title='bbox 282 524 497 584; x_wconf 75' lang='lat' dir='ltr'>Cadurcorum.</span> <span class='ocrx_word' id='word_1_13' title='bbox 553 526 613 600; x_wconf 90' lang='lat' dir='ltr'>Ibi,</span> <span class='ocrx_word' id='word_1_14' title='bbox 649 545 742 601; x_wconf 91' lang='lat' dir='ltr'>quum</span> <span class='ocrx_word' id='word_1_15' title='bbox 775 524 937 583; x_wconf 89' lang='lat' dir='ltr'>Lucterius</span> <span class='ocrx_word' id='word_1_16' title='bbox 977 524 1060 602; x_wconf 89' lang='lat' dir='ltr'>apud</span> <span class='ocrx_word' id='word_1_17' title='bbox 1093 544 1167 584; x_wconf 90' lang='lat' dir='ltr'>suos</span> 
     </span>
     <span class='ocr_line' id='line_1_4' title="bbox 163 610 1167 689; baseline -0.001 -19"><span class='ocrx_word' id='word_1_18' title='bbox 163 613 245 672; x_wconf 88' lang='lat' dir='ltr'>cives</span> <span class='ocrx_word' id='word_1_19' title='bbox 269 610 421 687; x_wconf 88' lang='lat' dir='ltr'>quondam</span> <span class='ocrx_word' id='word_1_20' title='bbox 443 611 570 688; x_wconf 78' lang='lat' dir='ltr'>integris</span> <span class='ocrx_word' id='word_1_21' title='bbox 593 612 686 670; x_wconf 88' lang='lat' dir='ltr'>rebus</span> <span class='ocrx_word' id='word_1_22' title='bbox 708 610 838 670; x_wconf 88' lang='lat' dir='ltr'>multum</span> <span class='ocrx_word' id='word_1_23' title='bbox 859 610 1011 688; x_wconf 88' lang='lat' dir='ltr'>potuisset</span> <span class='ocrx_word' id='word_1_24' title='bbox 1033 629 1167 689; x_wconf 89' lang='lat' dir='ltr'>semper-</span> 
     </span>
     <span class='ocr_line' id='line_1_5' title="bbox 163 695 1167 774; baseline 0 -19"><span class='ocrx_word' id='word_1_25' title='bbox 163 718 222 773; x_wconf 92' lang='lat' dir='ltr'>que</span> <span class='ocrx_word' id='word_1_26' title='bbox 250 704 356 756; x_wconf 82' lang='lat' dir='ltr'>auctor</span> <span class='ocrx_word' id='word_1_27' title='bbox 390 717 538 756; x_wconf 90' lang='lat' dir='ltr'>novorum</span> <span class='ocrx_word' id='word_1_28' title='bbox 572 697 766 756; x_wconf 89' lang='lat' dir='ltr'>consiliorum</span> <span class='ocrx_word' id='word_1_29' title='bbox 788 717 928 773; x_wconf 81' lang='lat' dir='ltr'>magnam</span> <span class='ocrx_word' id='word_1_30' title='bbox 952 695 1034 774; x_wconf 91' lang='lat' dir='ltr'>apud</span> <span class='ocrx_word' id='word_1_31' title='bbox 1056 697 1167 755; x_wconf 88' lang='lat' dir='ltr'>barba·</span> 
     </span>
     <span class='ocr_line' id='line_1_6' title="bbox 162 781 1169 861; baseline 0 -20"><span class='ocrx_word' id='word_1_32' title='bbox 162 803 213 843; x_wconf 90' lang='lat' dir='ltr'>ros</span> <span class='ocrx_word' id='word_1_33' title='bbox 236 782 447 842; x_wconf 81' lang='lat' dir='ltr'>auctoritatem</span> <span class='ocrx_word' id='word_1_34' title='bbox 468 782 613 858; x_wconf 89' lang='lat' dir='ltr'>haberet,</span> <span class='ocrx_word' id='word_1_35' title='bbox 647 782 792 861; x_wconf 91' lang='lat' dir='ltr'>oppidum</span> <span class='ocrx_word' id='word_1_36' title='bbox 817 781 1056 857; x_wconf 83' lang='lat' dir='ltr'>Uxellodunum,</span> <span class='ocrx_word' id='word_1_37' title='bbox 1086 782 1169 858; x_wconf 88' lang='lat' dir='ltr'>quod</span> 
     </span>
     <span class='ocr_line' id='line_1_7' title="bbox 162 867 1168 946; baseline -0.001 -19"><span class='ocrx_word' id='word_1_38' title='bbox 162 870 193 927; x_wconf 90' lang='lat' dir='ltr'>in</span> <span class='ocrx_word' id='word_1_39' title='bbox 227 869 368 928; x_wconf 86' lang='lat' dir='ltr'>clientela</span> <span class='ocrx_word' id='word_1_40' title='bbox 390 867 492 927; x_wconf 89' lang='lat' dir='ltr'>fuerat</span> <span class='ocrx_word' id='word_1_41' title='bbox 521 868 598 944; x_wconf 85' lang='lat' dir='ltr'>ejus,</span> <span class='ocrx_word' id='word_1_42' title='bbox 629 870 751 946; x_wconf 81' lang='lat' dir='ltr'>egregie</span> <span class='ocrx_word' id='word_1_43' title='bbox 779 875 890 927; x_wconf 87' lang='lat' dir='ltr'>natura</span> <span class='ocrx_word' id='word_1_44' title='bbox 917 868 977 927; x_wconf 91' lang='lat' dir='ltr'>loci</span> <span class='ocrx_word' id='word_1_45' title='bbox 1005 868 1168 944; x_wconf 89' lang='lat' dir='ltr'>munitum,</span> 
     </span>
     <span class='ocr_line' id='line_1_8' title="bbox 165 952 1169 1033; baseline -0.001 -19"><span class='ocrx_word' id='word_1_46' title='bbox 165 963 296 1033; x_wconf 90' lang='lat' dir='ltr'>occupat</span> <span class='ocrx_word' id='word_1_47' title='bbox 335 954 400 1013; x_wconf 90' lang='lat' dir='ltr'>suis</span> <span class='ocrx_word' id='word_1_48' title='bbox 441 962 472 1012; x_wconf 89' lang='lat' dir='ltr'>et</span> <span class='ocrx_word' id='word_1_49' title='bbox 503 952 670 1033; x_wconf 82' lang='lat' dir='ltr'>Drappetis</span> <span class='ocrx_word' id='word_1_50' title='bbox 711 954 807 1033; x_wconf 90' lang='lat' dir='ltr'>copiis</span> <span class='ocrx_word' id='word_1_51' title='bbox 846 954 1075 1033; x_wconf 84' lang='lat' dir='ltr'>oppidanosque</span> <span class='ocrx_word' id='word_1_52' title='bbox 1110 954 1169 1014; x_wconf 89' lang='lat' dir='ltr'>sibi</span> 
     </span>
     <span class='ocr_line' id='line_1_9' title="bbox 163 1040 329 1118; baseline -0.012 -18"><span class='ocrx_word' id='word_1_53' title='bbox 163 1040 329 1118; x_wconf 83' lang='lat' dir='ltr'>conjungit.</span> 
     </span>
    </p>

    <p class='ocr_par' dir='ltr' id='par_1_3' title="bbox 163 1124 1170 1958">
     <span class='ocr_line' id='line_1_10' title="bbox 247 1124 1169 1202; baseline -0.001 -16"><span class='ocrx_word' id='word_1_54' title='bbox 247 1126 409 1186; x_wconf 89' lang='lat' dir='ltr'><strong>XXXIII.</strong></span> <span class='ocrx_word' id='word_1_55' title='bbox 456 1126 522 1197; x_wconf 79' lang='lat' dir='ltr'>Quo</span> <span class='ocrx_word' id='word_1_56' title='bbox 535 1147 629 1202; x_wconf 89' lang='lat' dir='ltr'>quum</span> <span class='ocrx_word' id='word_1_57' title='bbox 646 1125 808 1185; x_wconf 89' lang='lat' dir='ltr'>confestim</span> <span class='ocrx_word' id='word_1_58' title='bbox 821 1125 858 1184; x_wconf 80' lang='lat' dir='ltr'>G.</span> <span class='ocrx_word' id='word_1_59' title='bbox 873 1124 1018 1185; x_wconf 86' lang='lat' dir='ltr'>Caninius</span> <span class='ocrx_word' id='word_1_60' title='bbox 1030 1126 1169 1186; x_wconf 87' lang='lat' dir='ltr'>venisset</span> 
     </span>
     <span class='ocr_line' id='line_1_11' title="bbox 164 1212 1170 1290; baseline 0 -18"><span class='ocrx_word' id='word_1_61' title='bbox 164 1213 479 1288; x_wconf 88' lang='lat' dir='ltr'>animadverteretque</span> <span class='ocrx_word' id='word_1_62' title='bbox 515 1232 619 1272; x_wconf 88' lang='lat' dir='ltr'>omnes</span> <span class='ocrx_word' id='word_1_63' title='bbox 648 1212 752 1290; x_wconf 91' lang='lat' dir='ltr'>oppidi</span> <span class='ocrx_word' id='word_1_64' title='bbox 781 1219 887 1289; x_wconf 88' lang='lat' dir='ltr'>partes</span> <span class='ocrx_word' id='word_1_65' title='bbox 914 1212 1170 1290; x_wconf 84' lang='lat' dir='ltr'>praeruptissimis</span> 
     </span>
     <span class='ocr_line' id='line_1_12' title="bbox 164 1297 1169 1374; baseline -0.001 -16"><span class='ocrx_word' id='word_1_66' title='bbox 164 1299 246 1358; x_wconf 87' lang='lat' dir='ltr'>saxis</span> <span class='ocrx_word' id='word_1_67' title='bbox 270 1318 338 1358; x_wconf 89' lang='lat' dir='ltr'>esse</span> <span class='ocrx_word' id='word_1_68' title='bbox 360 1297 503 1373; x_wconf 89' lang='lat' dir='ltr'>munitas,</span> <span class='ocrx_word' id='word_1_69' title='bbox 528 1319 586 1374; x_wconf 92' lang='lat' dir='ltr'>quo</span> <span class='ocrx_word' id='word_1_70' title='bbox 616 1297 800 1358; x_wconf 86' lang='lat' dir='ltr'>defendente</span> <span class='ocrx_word' id='word_1_71' title='bbox 827 1298 911 1357; x_wconf 91' lang='lat' dir='ltr'>nullo</span> <span class='ocrx_word' id='word_1_72' title='bbox 940 1305 1042 1357; x_wconf 89' lang='lat' dir='ltr'>tamen</span> <span class='ocrx_word' id='word_1_73' title='bbox 1071 1318 1169 1357; x_wconf 87' lang='lat' dir='ltr'>arma·</span> 
     </span>
     <span class='ocr_line' id='line_1_13' title="bbox 163 1383 1169 1462; baseline -0.001 -19"><span class='ocrx_word' id='word_1_74' title='bbox 163 1385 205 1443; x_wconf 90' lang='lat' dir='ltr'>tis</span> <span class='ocrx_word' id='word_1_75' title='bbox 228 1383 393 1443; x_wconf 87' lang='lat' dir='ltr'>ascendere</span> <span class='ocrx_word' id='word_1_76' title='bbox 416 1391 499 1442; x_wconf 90' lang='lat' dir='ltr'>esset</span> <span class='ocrx_word' id='word_1_77' title='bbox 527 1383 661 1459; x_wconf 88' lang='lat' dir='ltr'>difficile,</span> <span class='ocrx_word' id='word_1_78' title='bbox 685 1405 796 1461; x_wconf 84' lang='lat' dir='ltr'>magna</span> <span class='ocrx_word' id='word_1_79' title='bbox 819 1391 921 1443; x_wconf 87' lang='lat' dir='ltr'>autem</span> <span class='ocrx_word' id='word_1_80' title='bbox 950 1383 1169 1462; x_wconf 88' lang='lat' dir='ltr'>impedimenta</span> 
     </span>
     <span class='ocr_line' id='line_1_14' title="bbox 164 1467 1169 1548; baseline 0 -20"><span class='ocrx_word' id='word_1_81' title='bbox 164 1469 383 1548; x_wconf 90' lang='lat' dir='ltr'>oppidanorum</span> <span class='ocrx_word' id='word_1_82' title='bbox 405 1468 533 1545; x_wconf 90' lang='lat' dir='ltr'>videret,</span> <span class='ocrx_word' id='word_1_83' title='bbox 556 1470 668 1546; x_wconf 88' lang='lat' dir='ltr'>quaesi</span> <span class='ocrx_word' id='word_1_84' title='bbox 688 1469 878 1529; x_wconf 89' lang='lat' dir='ltr'>clandestina</span> <span class='ocrx_word' id='word_1_85' title='bbox 894 1467 969 1546; x_wconf 83' lang='lat' dir='ltr'>fuga</span> <span class='ocrx_word' id='word_1_86' title='bbox 987 1470 1169 1529; x_wconf 87' lang='lat' dir='ltr'>subtrahere</span> 
     </span>
     <span class='ocr_line' id='line_1_15' title="bbox 165 1554 1166 1632; baseline 0 -17"><span class='ocrx_word' id='word_1_87' title='bbox 165 1563 356 1630; x_wconf 84' lang='lat' dir='ltr'>conarentur,</span> <span class='ocrx_word' id='word_1_88' title='bbox 391 1554 528 1632; x_wconf 87' lang='lat' dir='ltr'>effugere</span> <span class='ocrx_word' id='word_1_89' title='bbox 561 1577 623 1615; x_wconf 92' lang='lat' dir='ltr'>non</span> <span class='ocrx_word' id='word_1_90' title='bbox 645 1555 735 1616; x_wconf 90' lang='lat' dir='ltr'>modo</span> <span class='ocrx_word' id='word_1_91' title='bbox 769 1556 946 1632; x_wconf 86' lang='lat' dir='ltr'>equitatum,</span> <span class='ocrx_word' id='word_1_92' title='bbox 975 1555 1031 1614; x_wconf 89' lang='lat' dir='ltr'>sed</span> <span class='ocrx_word' id='word_1_93' title='bbox 1060 1576 1100 1615; x_wconf 89' lang='lat' dir='ltr'>ne</span> <span class='ocrx_word' id='word_1_94' title='bbox 1122 1554 1166 1615; x_wconf 90' lang='lat' dir='ltr'>le-</span> 
     </span>
     <span class='ocr_line' id='line_1_16' title="bbox 165 1640 1169 1720; baseline -0.001 -20"><span class='ocrx_word' id='word_1_95' title='bbox 165 1642 271 1719; x_wconf 82' lang='lat' dir='ltr'>giones</span> <span class='ocrx_word' id='word_1_96' title='bbox 306 1641 428 1717; x_wconf 89' lang='lat' dir='ltr'>quidem</span> <span class='ocrx_word' id='word_1_97' title='bbox 466 1649 611 1719; x_wconf 89' lang='lat' dir='ltr'>possent,</span> <span class='ocrx_word' id='word_1_98' title='bbox 651 1642 804 1720; x_wconf 90' lang='lat' dir='ltr'>tripertito</span> <span class='ocrx_word' id='word_1_99' title='bbox 844 1641 1020 1701; x_wconf 85' lang='lat' dir='ltr'>cohortibus</span> <span class='ocrx_word' id='word_1_100' title='bbox 1060 1640 1169 1701; x_wconf 86' lang='lat' dir='ltr'>divisis</span> 
     </span>
     <span class='ocr_line' id='line_1_17' title="bbox 165 1727 1168 1805; baseline 0 -19"><span class='ocrx_word' id='word_1_101' title='bbox 165 1727 245 1786; x_wconf 88' lang='lat' dir='ltr'>trina</span> <span class='ocrx_word' id='word_1_102' title='bbox 267 1727 474 1787; x_wconf 84' lang='lat' dir='ltr'>excelsissimo</span> <span class='ocrx_word' id='word_1_103' title='bbox 496 1729 563 1786; x_wconf 88' lang='lat' dir='ltr'>loco</span> <span class='ocrx_word' id='word_1_104' title='bbox 587 1734 689 1786; x_wconf 87' lang='lat' dir='ltr'>castra</span> <span class='ocrx_word' id='word_1_105' title='bbox 710 1727 793 1803; x_wconf 89' lang='lat' dir='ltr'>fecit,</span> <span class='ocrx_word' id='word_1_106' title='bbox 824 1747 842 1786; x_wconf 90' lang='lat' dir='ltr'>a</span> <span class='ocrx_word' id='word_1_107' title='bbox 870 1727 980 1803; x_wconf 89' lang='lat' dir='ltr'>quibus</span> <span class='ocrx_word' id='word_1_108' title='bbox 1009 1727 1168 1805; x_wconf 88' lang='lat' dir='ltr'>paulatim,</span> 
     </span>
     <span class='ocr_line' id='line_1_18' title="bbox 166 1812 1170 1891; baseline -0.001 -19"><span class='ocrx_word' id='word_1_109' title='bbox 166 1822 312 1889; x_wconf 90' lang='lat' dir='ltr'>quantum</span> <span class='ocrx_word' id='word_1_110' title='bbox 334 1813 430 1890; x_wconf 87' lang='lat' dir='ltr'>copiae</span> <span class='ocrx_word' id='word_1_111' title='bbox 453 1814 655 1890; x_wconf 88' lang='lat' dir='ltr'>patiebantur,</span> <span class='ocrx_word' id='word_1_112' title='bbox 679 1814 793 1874; x_wconf 88' lang='lat' dir='ltr'>vallum</span> <span class='ocrx_word' id='word_1_113' title='bbox 815 1814 847 1872; x_wconf 94' lang='lat' dir='ltr'>in</span> <span class='ocrx_word' id='word_1_114' title='bbox 875 1812 980 1891; x_wconf 92' lang='lat' dir='ltr'>oppidi</span> <span class='ocrx_word' id='word_1_115' title='bbox 1008 1813 1170 1873; x_wconf 86' lang='lat' dir='ltr'>circuitum</span> 
     </span>
     <span class='ocr_line' id='line_1_19' title="bbox 166 1898 439 1958; baseline 0 -2"><span class='ocrx_word' id='word_1_116' title='bbox 166 1898 277 1958; x_wconf 89' lang='lat' dir='ltr'>ducere</span> <span class='ocrx_word' id='word_1_117' title='bbox 298 1899 439 1958; x_wconf 88' lang='lat' dir='ltr'>instituit.</span> 
     </span>
    </p>

    <p class='ocr_par' dir='ltr' id='par_1_4' title="bbox 166 1983 1173 3436">
     <span class='ocr_line' id='line_1_20' title="bbox 250 1983 1171 2063; baseline 0.001 -21"><span class='ocrx_word' id='word_1_118' title='bbox 250 1984 404 2043; x_wconf 90' lang='lat' dir='ltr'><strong>XXXIV.</strong></span> <span class='ocrx_word' id='word_1_119' title='bbox 435 1983 524 2054; x_wconf 78' lang='lat' dir='ltr'>Quod</span> <span class='ocrx_word' id='word_1_120' title='bbox 544 2004 636 2059; x_wconf 90' lang='lat' dir='ltr'>quum</span> <span class='ocrx_word' id='word_1_121' title='bbox 654 1985 932 2044; x_wconf 88' lang='lat' dir='ltr'>animadverterent</span> <span class='ocrx_word' id='word_1_122' title='bbox 954 1984 1099 2063; x_wconf 89' lang='lat' dir='ltr'>oppidani</span> <span class='ocrx_word' id='word_1_123' title='bbox 1115 1986 1171 2043; x_wconf 90' lang='lat' dir='ltr'>mi·</span> 
     </span>
     <span class='ocr_line' id='line_1_21' title="bbox 166 2069 1170 2145; baseline 0.001 -16"><span class='ocrx_word' id='word_1_124' title='bbox 166 2070 353 2145; x_wconf 87' lang='lat' dir='ltr'>serrimaque</span> <span class='ocrx_word' id='word_1_125' title='bbox 375 2069 489 2128; x_wconf 86' lang='lat' dir='ltr'>Alesiae</span> <span class='ocrx_word' id='word_1_126' title='bbox 511 2070 655 2129; x_wconf 88' lang='lat' dir='ltr'>memoria</span> <span class='ocrx_word' id='word_1_127' title='bbox 685 2071 807 2130; x_wconf 89' lang='lat' dir='ltr'>solliciti</span> <span class='ocrx_word' id='word_1_128' title='bbox 830 2070 958 2130; x_wconf 88' lang='lat' dir='ltr'>similem</span> <span class='ocrx_word' id='word_1_129' title='bbox 987 2091 1094 2130; x_wconf 88' lang='lat' dir='ltr'>casum</span> <span class='ocrx_word' id='word_1_130' title='bbox 1117 2072 1170 2130; x_wconf 95' lang='lat' dir='ltr'>ob-</span> 
     </span>
     <span class='ocr_line' id='line_1_22' title="bbox 167 2156 1169 2233; baseline -0.001 -17"><span class='ocrx_word' id='word_1_131' title='bbox 167 2156 314 2216; x_wconf 86' lang='lat' dir='ltr'>sessionis</span> <span class='ocrx_word' id='word_1_132' title='bbox 337 2163 524 2231; x_wconf 90' lang='lat' dir='ltr'>vererentur,</span> <span class='ocrx_word' id='word_1_133' title='bbox 547 2156 736 2232; x_wconf 87' lang='lat' dir='ltr'>maximeque</span> <span class='ocrx_word' id='word_1_134' title='bbox 765 2177 802 2215; x_wconf 91' lang='lat' dir='ltr'>ex</span> <span class='ocrx_word' id='word_1_135' title='bbox 832 2156 970 2216; x_wconf 90' lang='lat' dir='ltr'>omnibus</span> <span class='ocrx_word' id='word_1_136' title='bbox 993 2156 1169 2233; x_wconf 87' lang='lat' dir='ltr'>Lucterius,</span> 
     </span>
     <span class='ocr_line' id='line_1_23' title="bbox 166 2240 1169 2320; baseline 0.001 -20"><span class='ocrx_word' id='word_1_137' title='bbox 166 2242 218 2317; x_wconf 93' lang='lat' dir='ltr'>qui</span> <span class='ocrx_word' id='word_1_138' title='bbox 240 2240 370 2301; x_wconf 85' lang='lat' dir='ltr'>fortunae</span> <span class='ocrx_word' id='word_1_139' title='bbox 393 2241 476 2300; x_wconf 89' lang='lat' dir='ltr'>illius</span> <span class='ocrx_word' id='word_1_140' title='bbox 498 2242 667 2320; x_wconf 89' lang='lat' dir='ltr'>periculum</span> <span class='ocrx_word' id='word_1_141' title='bbox 695 2241 827 2317; x_wconf 86' lang='lat' dir='ltr'>fecerat,</span> <span class='ocrx_word' id='word_1_142' title='bbox 857 2249 996 2302; x_wconf 89' lang='lat' dir='ltr'>moneret</span> <span class='ocrx_word' id='word_1_143' title='bbox 1023 2241 1169 2301; x_wconf 87' lang='lat' dir='ltr'>frumenti</span> 
     </span>
     <span class='ocr_line' id='line_1_24' title="bbox 166 2327 1169 2404; baseline 0.002 -18"><span class='ocrx_word' id='word_1_144' title='bbox 166 2328 315 2387; x_wconf 89' lang='lat' dir='ltr'>rationem</span> <span class='ocrx_word' id='word_1_145' title='bbox 337 2347 406 2387; x_wconf 87' lang='lat' dir='ltr'>esse</span> <span class='ocrx_word' id='word_1_146' title='bbox 428 2327 608 2404; x_wconf 87' lang='lat' dir='ltr'>habendam,</span> <span class='ocrx_word' id='word_1_147' title='bbox 642 2329 832 2387; x_wconf 89' lang='lat' dir='ltr'>constituunt</span> <span class='ocrx_word' id='word_1_148' title='bbox 861 2329 994 2387; x_wconf 90' lang='lat' dir='ltr'>omnium</span> <span class='ocrx_word' id='word_1_149' title='bbox 1017 2348 1169 2388; x_wconf 88' lang='lat' dir='ltr'>consensu</span> 
     </span>
     <span class='ocr_line' id='line_1_25' title="bbox 166 2414 1169 2492; baseline 0.001 -20"><span class='ocrx_word' id='word_1_150' title='bbox 166 2421 253 2491; x_wconf 89' lang='lat' dir='ltr'>parte</span> <span class='ocrx_word' id='word_1_151' title='bbox 275 2414 316 2472; x_wconf 92' lang='lat' dir='ltr'>ibi</span> <span class='ocrx_word' id='word_1_152' title='bbox 339 2414 446 2473; x_wconf 88' lang='lat' dir='ltr'>relicta</span> <span class='ocrx_word' id='word_1_153' title='bbox 469 2414 625 2491; x_wconf 87' lang='lat' dir='ltr'>copiarum</span> <span class='ocrx_word' id='word_1_154' title='bbox 646 2415 706 2492; x_wconf 91' lang='lat' dir='ltr'>ipsi</span> <span class='ocrx_word' id='word_1_155' title='bbox 729 2435 797 2473; x_wconf 88' lang='lat' dir='ltr'>oum</span> <span class='ocrx_word' id='word_1_156' title='bbox 820 2414 971 2492; x_wconf 84' lang='lat' dir='ltr'>expeditis</span> <span class='ocrx_word' id='word_1_157' title='bbox 995 2414 1035 2473; x_wconf 90' lang='lat' dir='ltr'>ad</span> <span class='ocrx_word' id='word_1_158' title='bbox 1056 2414 1169 2492; x_wconf 92' lang='lat' dir='ltr'>impor-</span> 
     </span>
     <span class='ocr_line' id='line_1_26' title="bbox 167 2497 1169 2578; baseline 0.002 -21"><span class='ocrx_word' id='word_1_159' title='bbox 167 2499 293 2558; x_wconf 89' lang='lat' dir='ltr'>tandum</span> <span class='ocrx_word' id='word_1_160' title='bbox 331 2498 516 2558; x_wconf 90' lang='lat' dir='ltr'>frumentum</span> <span class='ocrx_word' id='word_1_161' title='bbox 560 2497 723 2578; x_wconf 86' lang='lat' dir='ltr'>proficisci.</span> <span class='ocrx_word' id='word_1_162' title='bbox 786 2501 833 2558; x_wconf 87' lang='lat' dir='ltr'>Eo</span> <span class='ocrx_word' id='word_1_163' title='bbox 876 2500 1002 2559; x_wconf 87' lang='lat' dir='ltr'>oonsilio</span> <span class='ocrx_word' id='word_1_164' title='bbox 1038 2501 1169 2578; x_wconf 89' lang='lat' dir='ltr'>probato</span> 
     </span>
     <span class='ocr_line' id='line_1_27' title="bbox 166 2585 1170 2662; baseline 0.002 -20"><span class='ocrx_word' id='word_1_165' title='bbox 166 2585 304 2662; x_wconf 87' lang='lat' dir='ltr'>proxima</span> <span class='ocrx_word' id='word_1_166' title='bbox 331 2593 421 2644; x_wconf 89' lang='lat' dir='ltr'>nocte</span> <span class='ocrx_word' id='word_1_167' title='bbox 449 2585 568 2644; x_wconf 89' lang='lat' dir='ltr'>duobus</span> <span class='ocrx_word' id='word_1_168' title='bbox 596 2586 719 2644; x_wconf 88' lang='lat' dir='ltr'>milibus</span> <span class='ocrx_word' id='word_1_169' title='bbox 748 2592 933 2644; x_wconf 89' lang='lat' dir='ltr'>armatorum</span> <span class='ocrx_word' id='word_1_170' title='bbox 960 2586 1076 2645; x_wconf 88' lang='lat' dir='ltr'>relictis</span> <span class='ocrx_word' id='word_1_171' title='bbox 1098 2586 1170 2645; x_wconf 52' lang='lat' dir='ltr'>reli*</span> 
     </span>
     <span class='ocr_line' id='line_1_28' title="bbox 167 2671 1168 2750; baseline 0.003 -22"><span class='ocrx_word' id='word_1_172' title='bbox 167 2690 243 2745; x_wconf 93' lang='lat' dir='ltr'>quos</span> <span class='ocrx_word' id='word_1_173' title='bbox 266 2691 303 2729; x_wconf 89' lang='lat' dir='ltr'>ex</span> <span class='ocrx_word' id='word_1_174' title='bbox 326 2671 436 2749; x_wconf 92' lang='lat' dir='ltr'>oppido</span> <span class='ocrx_word' id='word_1_175' title='bbox 448 2671 591 2749; x_wconf 87' lang='lat' dir='ltr'>Drappes</span> <span class='ocrx_word' id='word_1_176' title='bbox 614 2680 645 2730; x_wconf 90' lang='lat' dir='ltr'>et</span> <span class='ocrx_word' id='word_1_177' title='bbox 666 2672 828 2730; x_wconf 89' lang='lat' dir='ltr'>Lucterius</span> <span class='ocrx_word' id='word_1_178' title='bbox 852 2671 993 2730; x_wconf 86' lang='lat' dir='ltr'>educunt.</span> <span class='ocrx_word' id='word_1_179' title='bbox 1028 2672 1071 2730; x_wconf 91' lang='lat' dir='ltr'>Hi</span> <span class='ocrx_word' id='word_1_180' title='bbox 1093 2692 1168 2750; x_wconf 88' lang='lat' dir='ltr'>pau-</span> 
     </span>
     <span class='ocr_line' id='line_1_29' title="bbox 168 2754 1170 2835; baseline 0.002 -21"><span class='ocrx_word' id='word_1_181' title='bbox 168 2775 220 2814; x_wconf 91' lang='lat' dir='ltr'>cos</span> <span class='ocrx_word' id='word_1_182' title='bbox 243 2755 309 2814; x_wconf 89' lang='lat' dir='ltr'>dies</span> <span class='ocrx_word' id='word_1_183' title='bbox 331 2756 442 2815; x_wconf 90' lang='lat' dir='ltr'>morati</span> <span class='ocrx_word' id='word_1_184' title='bbox 464 2776 501 2814; x_wconf 86' lang='lat' dir='ltr'>ex</span> <span class='ocrx_word' id='word_1_185' title='bbox 523 2754 634 2815; x_wconf 88' lang='lat' dir='ltr'>finibus</span> <span class='ocrx_word' id='word_1_186' title='bbox 664 2756 886 2832; x_wconf 84' lang='lat' dir='ltr'>Cadurcorum,</span> <span class='ocrx_word' id='word_1_187' title='bbox 917 2757 968 2833; x_wconf 91' lang='lat' dir='ltr'>qui</span> <span class='ocrx_word' id='word_1_188' title='bbox 995 2758 1108 2835; x_wconf 89' lang='lat' dir='ltr'>partim</span> <span class='ocrx_word' id='word_1_189' title='bbox 1136 2777 1170 2817; x_wconf 90' lang='lat' dir='ltr'>re</span> 
     </span>
     <span class='ocr_line' id='line_1_30' title="bbox 167 2840 1169 2921; baseline 0.003 -22"><span class='ocrx_word' id='word_1_190' title='bbox 167 2840 367 2900; x_wconf 86' lang='lat' dir='ltr'>frumentaria</span> <span class='ocrx_word' id='word_1_191' title='bbox 389 2841 550 2901; x_wconf 86' lang='lat' dir='ltr'>sublevare</span> <span class='ocrx_word' id='word_1_192' title='bbox 573 2861 625 2901; x_wconf 89' lang='lat' dir='ltr'>eos</span> <span class='ocrx_word' id='word_1_193' title='bbox 648 2843 828 2920; x_wconf 89' lang='lat' dir='ltr'>cupiebant,</span> <span class='ocrx_word' id='word_1_194' title='bbox 856 2843 968 2921; x_wconf 89' lang='lat' dir='ltr'>partim</span> <span class='ocrx_word' id='word_1_195' title='bbox 995 2843 1169 2920; x_wconf 87' lang='lat' dir='ltr'>prohibere,</span> 
     </span>
     <span class='ocr_line' id='line_1_31' title="bbox 169 2926 1171 3007; baseline 0.002 -21"><span class='ocrx_word' id='word_1_196' title='bbox 169 2947 227 3002; x_wconf 90' lang='lat' dir='ltr'>quo</span> <span class='ocrx_word' id='word_1_197' title='bbox 249 2926 350 2986; x_wconf 87' lang='lat' dir='ltr'>minus</span> <span class='ocrx_word' id='word_1_198' title='bbox 373 2935 537 3002; x_wconf 88' lang='lat' dir='ltr'>sumerent,</span> <span class='ocrx_word' id='word_1_199' title='bbox 570 2947 631 2986; x_wconf 91' lang='lat' dir='ltr'>non</span> <span class='ocrx_word' id='word_1_200' title='bbox 652 2936 808 3005; x_wconf 87' lang='lat' dir='ltr'>poterant,</span> <span class='ocrx_word' id='word_1_201' title='bbox 837 2949 980 3007; x_wconf 85' lang='lat' dir='ltr'>magnum</span> <span class='ocrx_word' id='word_1_202' title='bbox 1009 2948 1171 2988; x_wconf 91' lang='lat' dir='ltr'>numerum</span> 
     </span>
     <span class='ocr_line' id='line_1_32' title="bbox 168 3012 1171 3093; baseline 0.003 -22"><span class='ocrx_word' id='word_1_203' title='bbox 168 3012 313 3072; x_wconf 89' lang='lat' dir='ltr'>frumenti</span> <span class='ocrx_word' id='word_1_204' title='bbox 335 3020 526 3091; x_wconf 87' lang='lat' dir='ltr'>comparant,</span> <span class='ocrx_word' id='word_1_205' title='bbox 556 3033 771 3090; x_wconf 88' lang='lat' dir='ltr'>nonnunquam</span> <span class='ocrx_word' id='word_1_206' title='bbox 794 3021 896 3074; x_wconf 89' lang='lat' dir='ltr'>autem</span> <span class='ocrx_word' id='word_1_207' title='bbox 924 3014 1171 3093; x_wconf 85' lang='lat' dir='ltr'>expeditionibus</span> 
     </span>
     <span class='ocr_line' id='line_1_33' title="bbox 167 3099 1170 3171; baseline 0.003 -15"><span class='ocrx_word' id='word_1_208' title='bbox 167 3099 323 3158; x_wconf 88' lang='lat' dir='ltr'>nocturnis</span> <span class='ocrx_word' id='word_1_209' title='bbox 347 3099 474 3158; x_wconf 88' lang='lat' dir='ltr'>castella</span> <span class='ocrx_word' id='word_1_210' title='bbox 495 3105 669 3160; x_wconf 90' lang='lat' dir='ltr'>nostrorum</span> <span class='ocrx_word' id='word_1_211' title='bbox 691 3101 877 3160; x_wconf 87' lang='lat' dir='ltr'>adoriuntur.</span> <span class='ocrx_word' id='word_1_212' title='bbox 914 3099 1012 3171; x_wconf 82' lang='lat' dir='ltr'>Quam</span> <span class='ocrx_word' id='word_1_213' title='bbox 1035 3102 1072 3159; x_wconf 92' lang='lat' dir='ltr'>ob</span> <span class='ocrx_word' id='word_1_214' title='bbox 1098 3121 1170 3161; x_wconf 87' lang='lat' dir='ltr'>cau-</span> 
     </span>
     <span class='ocr_line' id='line_1_34' title="bbox 169 3184 1171 3263; baseline 0.003 -21"><span class='ocrx_word' id='word_1_215' title='bbox 169 3203 234 3242; x_wconf 90' lang='lat' dir='ltr'>sam</span> <span class='ocrx_word' id='word_1_216' title='bbox 268 3184 305 3243; x_wconf 81' lang='lat' dir='ltr'>G.</span> <span class='ocrx_word' id='word_1_217' title='bbox 336 3184 480 3244; x_wconf 78' lang='lat' dir='ltr'>Caninius</span> <span class='ocrx_word' id='word_1_218' title='bbox 513 3193 578 3244; x_wconf 91' lang='lat' dir='ltr'>toto</span> <span class='ocrx_word' id='word_1_219' title='bbox 613 3185 725 3263; x_wconf 88' lang='lat' dir='ltr'>oppido</span> <span class='ocrx_word' id='word_1_220' title='bbox 762 3187 945 3245; x_wconf 90' lang='lat' dir='ltr'>munitiones</span> <span class='ocrx_word' id='word_1_221' title='bbox 980 3187 1171 3246; x_wconf 88' lang='lat' dir='ltr'>circumdare</span> 
     </span>
     <span class='ocr_line' id='line_1_35' title="bbox 168 3271 1173 3350; baseline 0.004 -24"><span class='ocrx_word' id='word_1_222' title='bbox 168 3277 312 3345; x_wconf 79' lang='lat' dir='ltr'>moretm,</span> <span class='ocrx_word' id='word_1_223' title='bbox 345 3290 384 3329; x_wconf 90' lang='lat' dir='ltr'>ne</span> <span class='ocrx_word' id='word_1_224' title='bbox 418 3278 471 3330; x_wconf 92' lang='lat' dir='ltr'>aut</span> <span class='ocrx_word' id='word_1_225' title='bbox 504 3290 580 3348; x_wconf 91' lang='lat' dir='ltr'>opus</span> <span class='ocrx_word' id='word_1_226' title='bbox 614 3271 759 3330; x_wconf 88' lang='lat' dir='ltr'>effectum</span> <span class='ocrx_word' id='word_1_227' title='bbox 791 3273 869 3331; x_wconf 91' lang='lat' dir='ltr'>tueri</span> <span class='ocrx_word' id='word_1_228' title='bbox 902 3292 963 3331; x_wconf 90' lang='lat' dir='ltr'>non</span> <span class='ocrx_word' id='word_1_229' title='bbox 991 3273 1090 3350; x_wconf 90' lang='lat' dir='ltr'>possit</span> <span class='ocrx_word' id='word_1_230' title='bbox 1118 3280 1173 3331; x_wconf 85' lang='lat' dir='ltr'>aut</span> 
     </span>
     <span class='ocr_line' id='line_1_36' title="bbox 168 3354 933 3436; baseline 0.005 -24"><span class='ocrx_word' id='word_1_231' title='bbox 168 3354 306 3433; x_wconf 87' lang='lat' dir='ltr'>plurimis</span> <span class='ocrx_word' id='word_1_232' title='bbox 328 3356 360 3414; x_wconf 90' lang='lat' dir='ltr'>in</span> <span class='ocrx_word' id='word_1_233' title='bbox 381 3356 456 3415; x_wconf 90' lang='lat' dir='ltr'>locis</span> <span class='ocrx_word' id='word_1_234' title='bbox 478 3355 597 3416; x_wconf 88' lang='lat' dir='ltr'>infirma</span> <span class='ocrx_word' id='word_1_235' title='bbox 619 3356 760 3436; x_wconf 88' lang='lat' dir='ltr'>disponat</span> <span class='ocrx_word' id='word_1_236' title='bbox 781 3357 933 3435; x_wconf 87' lang='lat' dir='ltr'>praesidia.</span> 
     </span>
    </p>

    <p class='ocr_par' dir='ltr' id='par_1_5' title="bbox 168 3441 1173 3951">
     <span class='ocr_line' id='line_1_37' title="bbox 254 3441 1172 3521; baseline 0.002 -21"><span class='ocrx_word' id='word_1_237' title='bbox 254 3441 390 3503; x_wconf 88' lang='lat' dir='ltr'><strong>XXXV.</strong></span> <span class='ocrx_word' id='word_1_238' title='bbox 434 3443 547 3519; x_wconf 87' lang='lat' dir='ltr'>Magna</span> <span class='ocrx_word' id='word_1_239' title='bbox 581 3443 667 3520; x_wconf 90' lang='lat' dir='ltr'>copia</span> <span class='ocrx_word' id='word_1_240' title='bbox 695 3442 841 3502; x_wconf 87' lang='lat' dir='ltr'>frumenti</span> <span class='ocrx_word' id='word_1_241' title='bbox 874 3449 1050 3521; x_wconf 86' lang='lat' dir='ltr'>comparata</span> <span class='ocrx_word' id='word_1_242' title='bbox 1072 3444 1172 3502; x_wconf 87' lang='lat' dir='ltr'>oonsi-</span> 
     </span>
     <span class='ocr_line' id='line_1_38' title="bbox 169 3527 1171 3608; baseline 0.003 -23"><span class='ocrx_word' id='word_1_243' title='bbox 169 3527 244 3585; x_wconf 90' lang='lat' dir='ltr'>dunt</span> <span class='ocrx_word' id='word_1_244' title='bbox 254 3527 396 3605; x_wconf 87' lang='lat' dir='ltr'>Drappes</span> <span class='ocrx_word' id='word_1_245' title='bbox 419 3533 450 3586; x_wconf 90' lang='lat' dir='ltr'>et</span> <span class='ocrx_word' id='word_1_246' title='bbox 460 3528 623 3588; x_wconf 88' lang='lat' dir='ltr'>Lucterius</span> <span class='ocrx_word' id='word_1_247' title='bbox 643 3549 705 3587; x_wconf 93' lang='lat' dir='ltr'>non</span> <span class='ocrx_word' id='word_1_248' title='bbox 726 3529 846 3606; x_wconf 84' lang='lat' dir='ltr'>longius</span> <span class='ocrx_word' id='word_1_249' title='bbox 869 3530 907 3588; x_wconf 91' lang='lat' dir='ltr'>ab</span> <span class='ocrx_word' id='word_1_250' title='bbox 925 3529 1036 3608; x_wconf 92' lang='lat' dir='ltr'>oppido</span> <span class='ocrx_word' id='word_1_251' title='bbox 1048 3528 1171 3588; x_wconf 91' lang='lat' dir='ltr'>Xmili-</span> 
     </span>
     <span class='ocr_line' id='line_1_39' title="bbox 168 3613 1171 3693; baseline 0.003 -23"><span class='ocrx_word' id='word_1_252' title='bbox 168 3613 236 3688; x_wconf 74' lang='lat' dir='ltr'>buS,</span> <span class='ocrx_word' id='word_1_253' title='bbox 260 3613 340 3672; x_wconf 89' lang='lat' dir='ltr'>unde</span> <span class='ocrx_word' id='word_1_254' title='bbox 361 3614 506 3691; x_wconf 89' lang='lat' dir='ltr'>paulatim</span> <span class='ocrx_word' id='word_1_255' title='bbox 523 3613 709 3673; x_wconf 88' lang='lat' dir='ltr'>frumentum</span> <span class='ocrx_word' id='word_1_256' title='bbox 725 3615 757 3673; x_wconf 95' lang='lat' dir='ltr'>in</span> <span class='ocrx_word' id='word_1_257' title='bbox 780 3615 924 3693; x_wconf 87' lang='lat' dir='ltr'>oppidum</span> <span class='ocrx_word' id='word_1_258' title='bbox 944 3621 1171 3692; x_wconf 88' lang='lat' dir='ltr'>supportarent.</span> 
     </span>
     <span class='ocr_line' id='line_1_40' title="bbox 168 3698 1171 3779; baseline 0.004 -23"><span class='ocrx_word' id='word_1_259' title='bbox 168 3698 236 3776; x_wconf 92' lang='lat' dir='ltr'>Ipsi</span> <span class='ocrx_word' id='word_1_260' title='bbox 257 3699 336 3758; x_wconf 91' lang='lat' dir='ltr'>inter</span> <span class='ocrx_word' id='word_1_261' title='bbox 358 3719 392 3759; x_wconf 89' lang='lat' dir='ltr'>se</span> <span class='ocrx_word' id='word_1_262' title='bbox 403 3700 576 3777; x_wconf 84' lang='lat' dir='ltr'>provincias</span> <span class='ocrx_word' id='word_1_263' title='bbox 594 3701 781 3776; x_wconf 88' lang='lat' dir='ltr'>partiuntur:</span> <span class='ocrx_word' id='word_1_264' title='bbox 800 3701 943 3779; x_wconf 88' lang='lat' dir='ltr'>Drappes</span> <span class='ocrx_word' id='word_1_265' title='bbox 962 3700 1072 3760; x_wconf 87' lang='lat' dir='ltr'>castris</span> <span class='ocrx_word' id='word_1_266' title='bbox 1091 3721 1171 3778; x_wconf 88' lang='lat' dir='ltr'>prae·</span> 
     </span>
     <span class='ocr_line' id='line_1_41' title="bbox 170 3784 1171 3864; baseline 0.002 -22"><span class='ocrx_word' id='word_1_267' title='bbox 170 3784 246 3843; x_wconf 88' lang='lat' dir='ltr'>sidio</span> <span class='ocrx_word' id='word_1_268' title='bbox 271 3805 338 3843; x_wconf 89' lang='lat' dir='ltr'>oum</span> <span class='ocrx_word' id='word_1_269' title='bbox 360 3794 447 3863; x_wconf 89' lang='lat' dir='ltr'>parte</span> <span class='ocrx_word' id='word_1_270' title='bbox 471 3786 625 3864; x_wconf 88' lang='lat' dir='ltr'>copiarum</span> <span class='ocrx_word' id='word_1_271' title='bbox 653 3786 775 3861; x_wconf 90' lang='lat' dir='ltr'>restitit,</span> <span class='ocrx_word' id='word_1_272' title='bbox 804 3787 968 3846; x_wconf 89' lang='lat' dir='ltr'>Lucterius</span> <span class='ocrx_word' id='word_1_273' title='bbox 991 3805 1101 3863; x_wconf 86' lang='lat' dir='ltr'>agmen</span> <span class='ocrx_word' id='word_1_274' title='bbox 1118 3785 1171 3862; x_wconf 86' lang='lat' dir='ltr'>ju-</span> 
     </span>
     <span class='ocr_line' id='line_1_42' title="bbox 169 3871 1173 3951; baseline 0.002 -23"><span class='ocrx_word' id='word_1_275' title='bbox 169 3878 340 3929; x_wconf 89' lang='lat' dir='ltr'>mentorum</span> <span class='ocrx_word' id='word_1_276' title='bbox 357 3871 396 3930; x_wconf 86' lang='lat' dir='ltr'>ad</span> <span class='ocrx_word' id='word_1_277' title='bbox 413 3871 557 3949; x_wconf 88' lang='lat' dir='ltr'>oppidum</span> <span class='ocrx_word' id='word_1_278' title='bbox 575 3871 666 3930; x_wconf 90' lang='lat' dir='ltr'>ducit.</span> <span class='ocrx_word' id='word_1_279' title='bbox 690 3872 858 3949; x_wconf 90' lang='lat' dir='ltr'>Dispositis</span> <span class='ocrx_word' id='word_1_280' title='bbox 875 3873 919 3931; x_wconf 92' lang='lat' dir='ltr'>ibi</span> <span class='ocrx_word' id='word_1_281' title='bbox 930 3871 1082 3951; x_wconf 80' lang='lat' dir='ltr'>praesidiis</span> <span class='ocrx_word' id='word_1_282' title='bbox 1094 3872 1173 3931; x_wconf 90' lang='lat' dir='ltr'>hora</span> 
     </span>
    </p>
   </div>
   <div class='ocr_carea' id='block_1_3' title="bbox 168 3957 1260 4035">
    <p class='ocr_par' dir='ltr' id='par_1_6' title="bbox 168 3957 1260 4035">
     <span class='ocr_line' id='line_1_43' title="bbox 168 3957 1260 4035; baseline 0.002 -21"><span class='ocrx_word' id='word_1_283' title='bbox 168 3957 267 4015; x_wconf 88' lang='lat' dir='ltr'>noctis</span> <span class='ocrx_word' id='word_1_284' title='bbox 291 3957 411 4016; x_wconf 88' lang='lat' dir='ltr'>circiter</span> <span class='ocrx_word' id='word_1_285' title='bbox 434 3957 550 4016; x_wconf 86' lang='lat' dir='ltr'>decima</span> <span class='ocrx_word' id='word_1_286' title='bbox 573 3957 766 4017; x_wconf 87' lang='lat' dir='ltr'>silvestribus</span> <span class='ocrx_word' id='word_1_287' title='bbox 789 3959 988 4035; x_wconf 86' lang='lat' dir='ltr'>angustisque</span> <span class='ocrx_word' id='word_1_288' title='bbox 1009 3957 1172 4026; x_wconf 84' lang='lat' dir='ltr'>itineribus</span> <span class='ocrx_word' id='word_1_289' title='bbox 1257 3978 1260 3983; x_wconf 89' lang='lat'>·</span> 
     </span>
    </p>
   </div>
   <div class='ocr_carea' id='block_1_4' title="bbox 170 4040 1172 4121">
    <p class='ocr_par' dir='ltr' id='par_1_7' title="bbox 170 4040 1172 4121">
     <span class='ocr_line' id='line_1_44' title="bbox 170 4040 1172 4121; baseline 0.002 -21"><span class='ocrx_word' id='word_1_290' title='bbox 170 4040 356 4101; x_wconf 89' lang='lat' dir='ltr'>frumentum</span> <span class='ocrx_word' id='word_1_291' title='bbox 377 4042 541 4120; x_wconf 86' lang='lat' dir='ltr'>importare</span> <span class='ocrx_word' id='word_1_292' title='bbox 564 4044 596 4102; x_wconf 95' lang='lat' dir='ltr'>in</span> <span class='ocrx_word' id='word_1_293' title='bbox 609 4043 753 4121; x_wconf 88' lang='lat' dir='ltr'>oppidum</span> <span class='ocrx_word' id='word_1_294' title='bbox 764 4043 904 4103; x_wconf 89' lang='lat' dir='ltr'>instituit.</span> <span class='ocrx_word' id='word_1_295' title='bbox 940 4043 1075 4116; x_wconf 82' lang='lat' dir='ltr'>Quorum</span> <span class='ocrx_word' id='word_1_296' title='bbox 1093 4050 1172 4102; x_wconf 88' lang='lat' dir='ltr'>stre-</span> 
     </span>
    </p>
   </div>
   <div class='ocr_carea' id='block_1_5' title="bbox 0 0 1348 4456">
    <p class='ocr_par' dir='ltr' id='par_1_8' title="bbox 0 0 1348 4456">
     <span class='ocr_line' id='line_1_45' title="bbox 0 0 1348 4456; baseline 0 0"><span class='ocrx_word' id='word_1_297' title='bbox 0 0 1348 4456; x_wconf 95' lang='lat' dir='ltr'> </span> 
     </span>
    </p>
   </div>
  </div>
 </body>
</html>
