2670 4456
209 261 269 318 148
521 252 574 305 DE
592 248 719 304 BELLO
738 247 907 304 GALLIGO

208 448 383 524 territisque
405 448 561 515 hostibus,
584 446 666 523 quod
694 446 844 522 equitatu,
875 465 935 520 qua
961 445 1091 503 maxime
1118 450 1209 520 parte

208 533 359 593 exercitus
383 532 585 608 confidebant,
609 539 696 591 erant
713 532 803 610 pulsi,
823 531 1001 590 adhortatus
1022 528 1061 588 ad
1071 528 1209 590 laborem

206 620 318 679 milites
341 620 571 679 circumvallare
592 618 734 678 instituit.

292 706 412 765 LXIX.
457 705 565 783 Ipsum
582 714 648 763 erat
666 703 810 782 oppidum
821 703 927 762 Alesia
944 703 975 760 in
993 702 1069 761 colle
1080 698 1209 760 'summo

208 791 370 850 admodum
404 791 485 850 edito
513 792 590 864 loco,
624 797 658 849 ut
687 790 746 848 nisi
776 788 934 847 obsidione
957 787 1125 865 expugnari
1147 807 1211 846 non

206 896 298 956 posse
319 877 482 937 videretur.
536 876 631 953 Gujus
665 876 751 936 collis
784 875 905 934 radices
933 873 992 933 duo
1022 873 1142 932 duabus
1172 894 1211 933 ex

206 963 345 1041 partibus
366 962 491 1023 flumina
513 963 704 1022 subluebant.
745 960 827 1020 Ante
844 960 876 1018 id
898 960 1042 1038 oppidum
1064 959 1211 1036 planities

208 1049 329 1108 circiter
339 1050 423 1108 milia
433 1068 580 1127 passuum
590 1049 644 1107 ΙΠ
655 1049 687 1107 iu
698 1046 917 1125 longitudinem
928 1047 1067 1124 patebat,
1081 1044 1210 1120 reliquis

208 1155 246 1192 ex
276 1136 416 1194 omnibus
437 1135 578 1212 partibus
603 1134 712 1209 colles,
743 1133 888 1192 mediocri
910 1131 1070 1208 interjecto
1099 1131 1211 1208 spatio,

206 1220 273 1297 pari
296 1221 465 1280 altitudinis
487 1219 611 1297 fastigio
635 1220 779 1298 oppidum
801 1218 973 1295 cingebant.
1024 1217 1087 1275 Sub
1110 1236 1210 1292 muru,

208 1326 276 1382 quae
287 1327 360 1385 pars
372 1307 458 1365 collis
471 1307 510 1365 ad
527 1307 673 1366 orientem
691 1306 785 1365 solem
803 1305 972 1383 spectabat,
991 1303 1072 1362 huuc
1090 1322 1212 1363 omnem

207 1393 307 1450 locum
330 1393 425 1470 copiae
450 1392 607 1451 Gallorum
619 1393 846 1471 compleverant
862 1389 1038 1464 fossamque
1061 1396 1092 1448 et
1108 1408 1210 1448 mace-

207 1477 284 1535 riam
318 1498 372 1536 sex
405 1478 436 1536 in
471 1478 662 1537 altitudinem
700 1477 813 1556 pedum
850 1475 1074 1554 praeduxerant.
1130 1474 1212 1551 Ejus

207 1563 392 1639 munitionis,
416 1584 483 1639 quae
507 1566 544 1622 ab
564 1564 710 1623 Romanis
737 1563 963 1636 instituebatur,
992 1561 1138 1619 circuitus
1160 1559 1213 1619 XI

207 1648 290 1707 milia
310 1670 458 1727 passuum
487 1651 620 1709 tenebat.
673 1649 782 1708 Castra
810 1648 988 1726 opportunis
1016 1648 1093 1706 locis
1123 1654 1213 1705 erant

207 1735 308 1812 posita
334 1736 438 1813 ibique
467 1737 593 1796 castella
615 1736 733 1794 XXIH
756 1734 853 1808 facta;
884 1734 994 1809 quibus
1016 1733 1047 1791 in
1076 1733 1212 1792 castellis

207 1821 340 1880 interdiu
374 1823 522 1881 stationes
557 1822 805 1900 disponebantur,
840 1840 878 1878 ne
901 1840 961 1895 qua
995 1820 1095 1879 subito
1119 1839 1212 1896 crup-

207 1907 249 1964 tio
283 1905 384 1981 fieret;
424 1909 490 1966 haec
524 1909 629 1967 eadem
659 1915 751 1967 noctu
785 1906 1011 1965 excubitoribus
1046 1925 1081 1964 ac
1114 1903 1213 1964 firmis

208 1992 361 2067 praesidiis
385 1995 574 2053 tenebantur.
1157 1990 1160 1995 ⁴

294 2078 395 2136 LXX.
441 2079 541 2156 Opere
563 2080 701 2138 instituto
724 2079 759 2137 fit
781 2083 922 2154 equestre
950 2077 1091 2154 proelium
1120 2075 1154 2134 in
1177 2096 1216 2135 ea

208 2161 344 2239 planitie,
368 2185 459 2240 quam
481 2165 687 2224 intermissam
715 2165 843 2223 collibus
872 2164 925 2222 ΠΙ
952 2163 1035 2222 milia
1063 2181 1215 2240 passuum

208 2249 240 2307 in
262 2250 482 2327 longitudinem
505 2258 611 2329 patere
634 2271 727 2329 supra
749 2250 1033 2309 demonstravimus.
1088 2247 1216 2306 Summa

208 2334 240 2393 vi
263 2337 300 2394 ab
323 2338 461 2413 utrisque
484 2337 685 2396 contenditur.
730 2331 958 2396 Laborantibus
980 2334 1094 2393 nostris
1107 2332 1216 2393 Oaesar

210 2420 379 2482 Germanos
408 2424 570 2482 summittit
596 2424 794 2500 legionesque
825 2442 879 2499 pro
909 2421 1019 2480 castris
1053 2420 1216 2479 constituit

210 2503 258 2577 lue
281 2528 341 2583 qua
363 2511 464 2568 subito
487 2510 613 2587 irruptio
638 2511 674 2568 ab
687 2509 819 2568 hostiurn
841 2506 980 2585 peditatu
991 2503 1065 2578 fiatl.
1100 2506 1214 2564 Praesi·
1305 2542 1309 2548 ·

210 2591 258 2649 dio
281 2593 434 2670 legionum
456 2595 559 2654 addito
582 2595 696 2654 nostris
719 2595 836 2654 animus
867 2602 1009 2670 augetur3
1044 2592 1151 2651 hostes
1179 2591 1214 2650 in

210 2676 315 2753 fugam
361 2680 491 2757 conjecti
531 2700 564 2740 se
596 2682 656 2757 ipsi
689 2679 882 2739 multitudine
915 2677 1083 2756 impediunt
1118 2684 1214 2753 atque

210 2764 436 2837 angustioribus
448 2767 544 2842 portis
556 2767 670 2824 relictis
688 2774 913 2826 coacervantur.
950 2763 1093 2824 Germani
1110 2763 1213 2822 acrius

211 2866 308 2922 usque
320 2850 360 2908 ad
371 2851 554 2910 munitiones
566 2859 741 2926 sequuntur.
776 2852 827 2910 Fit
849 2871 959 2928 magna
982 2849 1092 2909 caedes.
1127 2848 1212 2908 Non-

208 2934 284 2991 nulli
316 2936 430 2996 re'lictis
465 2937 550 3013 equis
583 2936 699 2996 fossam
731 2938 862 2996 transire
890 2944 921 2995 et
942 2935 1106 2995 maceriam
1128 2941 1211 2993 tran-

210 3021 355 3080 scendere
379 3030 533 3081 conantur.
584 3024 712 3085 Paulum
740 3023 875 3100 legiones
900 3022 1019 3096 Gaesar,
1049 3040 1125 3096 quas
1154 3041 1211 3098 pro

209 3106 289 3164 vallo
318 3110 526 3183 constituerat,
560 3111 731 3186 promoveri
757 3109 855 3186 jubet.
910 3107 980 3166 Non
1012 3108 1128 3181 minue,
1159 3106 1211 3182 qui

209 3191 289 3249 intra
311 3195 493 3253 munitiones
518 3203 613 3270 erant,
637 3196 854 3273 perturbantur
878 3194 973 3266 Galli;
997 3193 1095 3253 veniri
1117 3191 1210 3250 adse

211 3277 372 3337 confestim
407 3282 615 3340 existimantes
649 3281 687 3340 ad
717 3301 800 3339 arma
834 3280 1039 3352 conclamant;
1074 3277 1209 3336 nonnull'

209 3364 365 3438 perterriti
393 3366 422 3423 in
457 3367 601 3444 oppidum
634 3367 813 3444 irrumpunt.
869 3365 1102 3441 Vercingetmix
1120 3363 1210 3439 jubet

210 3456 316 3524 portas
346 3449 461 3521 claudi,
491 3473 530 3511 ne
565 3460 665 3511 castra
698 3452 859 3510 nudentur.
901 3451 1007 3509 Multis
1029 3448 1210 3522 interfectis,

210 3534 417 3612 compluribus
440 3539 525 3612 equis
548 3539 646 3616 captis
671 3538 814 3597 Germani
838 3556 905 3596 sese
928 3536 1087 3615 recipiunt.

253 3620 372 3680 LXXI.
433 3623 679 3700 Vercingetorix,
720 3625 898 3701 priusquam
941 3622 1124 3680 mimitiones
1171 3616 1208 3677 ab

209 3703 355 3766 Romanis
389 3707 600 3786 perficiantur,
642 3709 801 3768 consilium
835 3709 917 3787 capit
950 3728 1069 3767 omnem
1103 3707 1141 3766 ab
1176 3723 1209 3763 se

211 3792 378 3866 equitatum
399 3803 491 3853 noctu
515 3795 676 3855 dimittere.
727 3794 965 3854 Discedentibus
998 3792 1136 3867 mandat,
1176 3797 1210 3848 ut

213 3896 299 3936 suam
323 3880 451 3956 quisque
475 3901 578 3940 eorum
591 3881 747 3941 civitatem
769 3880 860 3939 adeat
883 3899 1057 3954 omnesque,
1082 3877 1134 3953 qui
1155 3896 1210 3955 per

212 3969 334 4023 aetatem
357 3987 441 4025 arma
463 3965 544 4026 ferre
566 3967 701 4045 possint,
737 3966 776 4025 ad
805 3966 918 4025 bellum
947 3972 1071 4043 cogaut3
1101 3983 1158 4023 sua
1178 3962 1211 4020 iu
