2670 4456
162 269 203 327 33
469 257 522 312 DE
541 256 667 312 BELLO
687 256 856 313 GALLICO

162 474 254 533 opere
283 453 315 512 in
347 459 466 530 partem
505 471 579 512 casu
613 453 750 527 devenit,
786 473 917 530 quaeque
948 453 1047 531 prima
1082 454 1170 532 signo

163 539 331 618 conspexit,
356 538 483 597 adhaec
506 539 652 614 constitit,
676 559 715 598 ne
737 539 768 598 in
797 539 971 615 quaerendis
1000 540 1064 598 suis
1092 561 1169 618 pug-

162 626 257 687 nandi
278 632 398 702 tempus
422 623 598 684 dimitteret.
1229 637 1231 639 ·

248 710 359 770 ΧΧΙΙ.
395 688 553 770 Instrucbo
577 710 721 786 exercitu,
744 711 843 788 magis
865 718 900 770 ut
910 709 970 770 loci
989 718 1099 770 natura
1117 711 1170 772 de·

162 799 322 873 lectusque
357 796 443 856 collis
477 803 509 855 et
540 797 710 856 necessitas
745 797 901 875 temporis,
932 817 1027 872 'quam
1059 805 1094 856 ut
1126 799 1171 857 rei

162 883 302 944 militaris
336 882 412 941 ratio
447 889 539 959 atque
572 882 645 942 ordo
679 883 870 960 postulabat,
913 903 1005 959 quum
1038 882 1170 944 diverses

162 971 308 1048 legiones,
332 968 400 1026 aliae
429 968 488 1027 alia
520 968 552 1027 in
579 975 681 1046 parte,
713 969 852 1028 hostibus
881 968 1168 1048 resisterent'sepi-

162 1057 281 1132 busque
325 1053 529 1128 densissimis,
574 1062 609 1113 ut
642 1061 712 1114 ante
746 1054 1036 1129 demonstravimus,
1077 1055 1169 1114 inter-

159 1142 254 1220 jectis
276 1146 460 1218 prospectus
482 1139 689 1217 impediretur,
711 1161 811 1216 neque
835 1147 919 1200 certa
942 1140 1080 1200 subsidia
1109 1142 1169 1200 col·

163 1227 259 1288 locari
280 1245 389 1302 neque,
424 1225 497 1301 quid
523 1226 556 1284 in
589 1246 709 1302 quaque
742 1233 829 1304 parte
863 1247 939 1305 opus
973 1234 1065 1302 esset,
1100 1248 1169 1304 pro-

164 1313 262 1374 videri
283 1331 382 1387 neque
405 1312 443 1370 ab
470 1332 530 1370 uno
565 1311 664 1371 omnia
696 1312 823 1390 imperia
850 1312 1055 1372 administrari
1085 1320 1170 1390 potc-

164 1406 243 1459 rant.
289 1398 399 1472 Itaque
421 1397 452 1456 in
474 1404 561 1456 tanta
582 1418 683 1457 rerum
703 1398 864 1473 iniquitate
891 1397 1022 1458 fortunae
1046 1418 1168 1474 quoque

165 1491 293 1545 eventus
315 1482 392 1544 varii
415 1483 629 1559 sequebantur.

249 1569 378 1628 XXIII.
423 1569 568 1646 Legionis
590 1589 679 1628 nonee
709 1577 740 1628 et
767 1568 891 1628 decimae
921 1569 1048 1645 milites,
1077 1577 1112 1628 nt
1139 1571 1170 1628 in

164 1657 289 1716 sinistra
317 1661 405 1732 parte
427 1655 503 1715 aciei
531 1656 739 1731 constiterant,
766 1655 837 1733 pilis
866 1655 985 1717 emissis
1015 1676 1106 1715 cursu
1135 1676 1170 1715 ac
1225 1720 1227 1727 ,

161 1742 343 1802 lassitudine
371 1742 557 1800 exanimatos
586 1742 823 1817 vulneribusque
860 1740 1015 1801 confectos
1038 1742 1169 1801 Atreba-

163 1835 211 1888 tes
247 1827 328 1898 (nam
360 1826 398 1886 iis
433 1847 469 1886 ea
500 1847 573 1905 pars
601 1826 778 1898 obvenerat)
808 1827 948 1886 celeriter
970 1847 1008 1886 ex
1030 1828 1097 1887 loco
1121 1848 1170 1887 su·

164 1914 284 1992 periore
306 1913 338 1970 in
359 1910 471 1972 flumen
500 1913 710 1990 compulerunt
738 1919 769 1971 et
796 1913 926 1971 transire
956 1920 1102 1972 conantes
1124 1915 1169 1971 in-

165 1999 263 2059 secuti
295 1997 405 2075 gladiis
438 2018 579 2075 magnam
608 2005 727 2076 partem
755 2018 859 2057 eorum
880 1998 1057 2076 impeditam
1078 2000 1170 2058 inter-

166 2084 314 2145 fecerunt.
359 2084 426 2162 Ipsi
448 2084 578 2142 transire
600 2082 711 2143 flumen
738 2103 799 2142 non
828 2083 1045 2145 dubitaverunt
1079 2092 1110 2145 et
1138 2086 1170 2144 in

164 2171 264 2231 locum
286 2169 421 2245 iniquum
442 2169 597 2247 progressi
628 2189 734 2229 rursus
761 2169 941 2230 resistentes
968 2170 1073 2230 hostes
1102 2170 1170 2230 red-

165 2258 317 2334 integrato
350 2255 457 2333 proelio
490 2255 522 2314 in
555 2254 659 2332 fugam
692 2255 897 2332 conjecerunt.
954 2256 1034 2315 Item
1056 2257 1117 2316 alia
1138 2257 1169 2315 in

164 2349 253 2421 parto
276 2342 407 2402 diversae
431 2341 499 2400 duee
529 2341 675 2418 legiones,
705 2341 864 2402 undecima
892 2348 923 2400 et
951 2349 1070 2417 octava,
1102 2363 1172 2421 pro-

164 2428 278 2506 fligatis
311 2427 549 2503 Veromanduis,
592 2428 772 2504 quibuscum
805 2434 893 2486 erant
927 2429 1099 2505 congressi,
1136 2449 1173 2487 ex

99 2524 101 2528 ‘
168 2515 237 2574 loco
284 2513 441 2591 superiore
484 2513 516 2572 in
559 2514 635 2591 ipsis
668 2512 800 2572 fluminis
833 2513 909 2591 ripis
942 2515 1172 2591 proeliabantur.

166 2600 210 2658 At
231 2599 304 2658 totis
327 2597 391 2657 fere
415 2619 433 2657 a
454 2597 555 2657 fronte
578 2606 609 2656 et
637 2600 675 2657 ab
704 2600 828 2658 sinistra
857 2607 944 2676 parte
972 2600 1095 2659 nudatis
1124 2621 1173 2658 oa-

167 2685 249 2758 stris,
285 2704 377 2759 quum
409 2684 441 2742 in
474 2682 581 2742 dextro
616 2704 709 2743 cornu
736 2684 816 2760 legio
846 2683 1025 2744 duodecima
1053 2693 1085 2744 et
1111 2706 1173 2744 non

167 2789 277 2847 magno
317 2770 354 2827 ab
395 2789 431 2828 ea
469 2769 628 2829 intervallo
671 2770 800 2848 septima
833 2771 1036 2846 constitisset,
1070 2791 1174 2831 omnes

167 2855 275 2916 Nervii
320 2853 543 2913 confertissimo
570 2855 708 2932 ⁸agmine
753 2854 830 2914 duce
862 2855 1074 2934 Boduognato,
1121 2858 1173 2933 qui

168 2961 316 3001 summam
340 2940 458 3019 imperii
481 2940 614 3015 tenebat,
650 2940 688 3000 ad
718 2961 785 3000 eum
813 2941 913 3000 locum
936 2943 1172 3016 contenderunt;

170 3047 297 3104 quorum
326 3046 398 3105 pars
427 3033 532 3104 aperto
563 3026 658 3085 latere
686 3027 822 3104 legiones
851 3027 1078 3104 circumvenire,
1102 3048 1174 3107 pars

169 3133 319 3172 summum
342 3119 512 3172 castrorum
534 3112 635 3171 locum
656 3119 761 3190 petere
785 3113 886 3190 coepit.

257 3198 379 3257 XXIV.
432 3198 550 3257 Eodem
582 3205 719 3276 tempore
753 3199 870 3274 equites
903 3199 1002 3258 nostri
1035 3199 1173 3274 levisque

171 3292 332 3343 armaturae
355 3283 485 3361 pedites,
510 3284 561 3359 qui
584 3304 652 3343 cum
674 3284 712 3343 iis
734 3305 795 3343 una
816 3282 949 3359 fuerant,
979 3304 1055 3360 quos
1077 3285 1175 3362 primo

59 3374 62 3384 '
168 3370 303 3428 hostium
324 3370 440 3447 impetu
461 3370 567 3448 pulsos
591 3369 735 3445 dixeram,
759 3390 850 3445 quum
876 3389 912 3431 sc
939 3371 970 3428 in
999 3378 1101 3430 castra
1128 3391 1175 3430 re-

170 3456 315 3534 ciperent,
339 3455 478 3515 adversis
501 3456 640 3515 hostibus
664 3457 865 3515 occurrebant
887 3477 923 3515 ac
950 3476 1057 3515 rursus
1086 3456 1177 3516 aliam

169 3541 201 3600 in
222 3548 341 3619 partem
362 3539 634 3619 fugampetebant,
658 3547 689 3600 et
712 3541 844 3615 calonne,
868 3542 919 3617 qui
942 3543 979 3600 ab
1009 3541 1177 3602 decumana

169 3636 259 3705 porta
293 3648 328 3687 ac
362 3646 478 3686 summo
508 3626 584 3703 jugo
619 3627 705 3686 collis
739 3634 861 3686 nostros
895 3628 1029 3688 victores
1062 3627 1177 3687 flumen

170 3713 319 3773 transisse
342 3719 574 3791 conspexerant,
608 3712 767 3790 praedandi
799 3733 892 3772 causa
926 3713 1053 3791 egressi,
1085 3734 1177 3793 quum

170 3799 381 3877 respexissent
403 3806 434 3858 et
456 3799 561 3858 hostes
590 3799 622 3856 in
650 3798 764 3858 nostris
793 3799 903 3858 castris
936 3799 1055 3859 versari
1081 3799 1177 3860 vidis-

172 3892 249 3960 sent,
277 3885 452 3963 praecipites
483 3883 565 3961 fugae
595 3903 664 3943 sese
692 3884 886 3944 mandabant.
938 3884 1034 3943 Simul
1063 3905 1176 3962 eorum,

172 3970 224 4046 qui
258 3989 326 4030 cum
359 3970 583 4049 impedimentis
616 3970 794 4046 veniebant,
830 3972 942 4030 clamor
976 3969 1177 4049 fremitusque
