2670 4456
493 274 497 283 ,
536 257 656 310 arena
675 218 740 313 vri.
1083 269 1144 326 129

139 440 341 510 succederent
364 471 542 528 omnemque
573 452 681 511 Galliae
710 453 840 512 salutem
868 453 898 511 in
926 453 978 512 illo
1010 454 1140 532 vestigio

139 536 284 613 temporis
318 537 449 614 positam
483 539 721 612 arbitrarentur,
757 537 869 597 accidit
898 539 1143 616 inspectantibus

139 622 238 696 nobie,
262 622 345 698 quod
368 623 494 700 dignum
516 624 662 683 memoria
685 624 785 683 visum
807 625 1055 702 praetereundum
1082 646 1143 685 non

139 708 391 768 existimavimus.
439 708 569 779 Quidam
593 717 663 768 ante
685 716 805 786 portam
828 710 932 787 oppidi
958 710 1065 770 Gallus
1088 732 1144 788 per·

139 813 247 853 manus
281 795 346 854 sevi
380 814 415 853 ao
449 795 526 871 picis
560 795 690 853 traditas
724 796 830 872 glebas
864 795 895 853 in
925 797 1027 872 ignem
1058 817 1143 856 cre-

138 879 228 955 gione
251 880 343 939 turris
366 879 561 957 projiciebat3
587 881 746 958 scorpione
771 882 808 939 ab
833 881 927 939 latere
951 881 1057 940 dextro
1081 890 1143 941 tra·

135 963 238 1040 jectus
262 965 511 1040 exanimatusque
534 967 675 1025 concidit.
720 967 811 1024 Hunc
835 985 872 1023 ex
894 967 1040 1044 proximis
1063 988 1142 1027 unus

134 1049 290 1126 jacentem
323 1059 535 1128 transgressus
576 1051 681 1110 ecdem
710 1051 761 1110 illo
789 1071 913 1110 munere
940 1051 1141 1129 fungebatur,

139 1134 245 1194 eadem
267 1137 384 1195 ratione
406 1138 469 1195 ictu
492 1137 661 1215 scorpionis
696 1137 866 1195 exanimato
903 1137 990 1196 alteri
1021 1157 1142 1197 succes-

138 1222 181 1278 sit
202 1222 310 1280 tertius
334 1230 365 1281 et
386 1223 475 1281 tertio
500 1231 641 1298 quartus;
677 1243 732 1281 nec
761 1223 847 1300 prius
874 1223 925 1281 ille
955 1229 1003 1281 est
1034 1244 1141 1302 apro-

34 1372 38 1377 ,
138 1308 360 1384 pugnatoribus
382 1328 498 1367 vacuus
522 1308 646 1367 relictus
668 1308 764 1382 locus,
795 1329 884 1384 quarn
912 1309 1059 1367 restincto
1090 1330 1142 1386 ag-

138 1411 211 1468 gere
234 1402 325 1469 atque
348 1394 429 1452 omni
452 1414 488 1452 ea
522 1402 609 1471 parte
639 1394 799 1452 summotis
831 1394 973 1453 hostibus
1001 1393 1071 1452 finis
1095 1403 1143 1454 est

138 1478 294 1554 pugnandi
317 1478 429 1538 faetus.

224 1563 346 1623 XXVI.
393 1564 502 1624 Omnia
525 1564 644 1641 experti
667 1563 757 1638 Galli,
782 1565 864 1639 quod
886 1585 936 1624 res
965 1567 1048 1625 nulla
1071 1586 1140 1625 suc·

138 1657 292 1724 cesserat,
332 1658 455 1728 postero
491 1650 539 1708 die
579 1649 738 1708 consilium
772 1660 919 1726 oeperunt
959 1670 996 1708 ex
1030 1652 1141 1729 oppido

136 1733 302 1812 profugere
324 1737 465 1794 hortante
489 1743 520 1793 et
539 1734 666 1811 jubente
685 1734 945 1812 Vercingetorige.
991 1736 1030 1794 Id
1050 1736 1141 1797 silen-

140 1820 183 1878 tio
205 1821 304 1880 noctis
329 1822 429 1880 conati
452 1841 512 1879 non
535 1841 646 1898 magna
664 1819 786 1896 jactura
810 1840 933 1878 sucrum
956 1840 1024 1880 sese
1048 1819 1141 1881 effec-

137 1913 222 1972 turos
246 1908 419 1985 sperabant,
443 1914 605 1984 propterea
628 1906 710 1981 quod
732 1926 831 1981 neque
853 1906 943 1983 longe
967 1908 1005 1966 ab
1029 1908 1140 1984 oppido

139 1998 241 2050 castra
262 1993 523 2069 Vercingetorigis
547 1993 683 2066 aberant,
709 2001 739 2050 et
766 1992 865 2069 palus,
895 2012 963 2067 quas
991 2000 1141 2071 perpetua

136 2076 354 2153 intercedebat,
377 2079 533 2136 Romanos
557 2077 595 2136 ad
617 2077 839 2155 insequendum
862 2078 1014 2136 tardabat.
1050 2079 1136 2138 Jam-

137 2181 196 2236 que
218 2164 276 2222 hoc
298 2163 401 2224 facere
423 2171 515 2222 noctu
539 2165 736 2241 apparabant,
762 2184 853 2238 quum
877 2172 990 2222 matres
1013 2162 1138 2222 familiae

136 2257 262 2325 repente
295 2249 326 2307 in
359 2249 515 2327 publicum
548 2256 765 2326 procurrerunt
793 2247 962 2323 flentesque
990 2248 1137 2325 projectae

137 2332 177 2391 ad
198 2335 294 2410 pedes
318 2355 441 2394 suorum
465 2335 604 2393 omnibus
627 2333 770 2411 precibus
792 2333 960 2409 petierunt,
989 2354 1027 2392 ne
1051 2353 1084 2392 se
1108 2341 1139 2392 et

136 2437 312 2479 communes
333 2421 446 2480 liberos
469 2419 609 2479 hostibus
633 2417 672 2477 ad
696 2418 878 2495 supplicium
890 2417 1047 2493 dederent,
1062 2438 1137 2493 quos

136 2503 177 2562 ad
200 2506 379 2583 capiendam
401 2505 506 2582 fugam
530 2512 648 2563 naturae
672 2512 702 2561 et
725 2504 834 2563 virium
857 2502 1016 2562 infirmitas
1045 2505 1138 2582 impe-

137 2589 225 2650 diret.
271 2592 332 2650 Ubi
356 2612 408 2651 ecs
430 2592 461 2651 in
485 2590 637 2650 sententia
648 2596 787 2666 perstare
805 2588 957 2663 viderunt,
983 2589 1065 2664 quod
1075 2590 1139 2666 ple-

137 2695 265 2751 rumque
298 2678 330 2735 in
364 2697 479 2736 summo
513 2675 648 2754 periculo
682 2675 773 2733 timor
805 2674 1045 2734 misericordiam
1078 2696 1139 2734 non
1219 2698 1223 2703 ·

136 2762 254 2840 recipit,
279 2763 467 2822 conclamare
490 2770 521 2820 et
544 2759 715 2838 significare
745 2761 783 2820 de
811 2759 885 2837 fuga
908 2761 1055 2820 Romanis
1079 2781 1141 2820 oce-

137 2856 256 2924 perimt.
313 2848 379 2919 Quo
414 2849 522 2908 timore
551 2847 705 2925 perterriti
740 2846 829 2921 Galli,
864 2867 903 2904 ne
933 2848 971 2905 ab
1003 2847 1139 2921 equitatu

138 2931 344 2992 Romanorum
376 2935 434 2995 viae
469 2939 766 3011 praeoccuparentur,
797 2931 923 2990 oonsilio
947 2930 1139 2990 destiterrmt.

223 3019 363 3078 XXVII.
408 3020 536 3078 Postero
561 3017 609 3076 die
634 3016 738 3076 Caesar
760 3024 899 3094 promota
921 3016 998 3073 turri
1020 3014 1138 3093 perfec-

137 3103 239 3179 tisque
262 3105 414 3181 operibus,
450 3124 518 3179 quae
552 3102 656 3161 facere
689 3103 872 3175 instituerat,
902 3121 1012 3177 magno
1037 3109 1139 3160 coorto

139 3187 234 3248 imbre
256 3210 317 3248 non
339 3190 476 3248 inutilem
499 3190 577 3248 hano
608 3187 647 3246 ad
676 3186 856 3265 capiendum
886 3187 1044 3245 consilium
1066 3194 1141 3245 tem·

137 3282 289 3350 postetam
313 3276 487 3351 arbitratus,
512 3274 593 3350 quod
615 3273 706 3351 paulo
740 3273 891 3331 incautius
922 3272 1076 3332 custodias
1109 3273 1141 3330 in

139 3378 223 3419 muro
258 3361 423 3438 dispositas
457 3359 591 3435 videbat,
633 3378 704 3416 suos
746 3378 865 3434 quoque
904 3358 1078 3435 languidius
1111 3359 1142 3416 in

139 3464 231 3523 opere
254 3447 371 3506 versari
390 3446 486 3523 jussit
508 3454 548 3520 et,
572 3444 646 3521 quid
668 3443 733 3502 fieri
756 3444 857 3519 vellet,
888 3444 1031 3503 ostendit.
1083 3444 1141 3502 Le·

137 3532 340 3608 gionibusque
363 3533 443 3590 intra
466 3533 571 3592 vineas
594 3531 625 3588 in
648 3529 766 3599 occulto
790 3529 940 3607 expeditis
954 3530 1139 3600 cohortatus,

138 3625 173 3675 ut
195 3617 358 3692 aliquando
379 3638 434 3695 pro
458 3618 551 3676 tantis
573 3615 729 3675 laboribus
752 3613 887 3673 fructum
910 3615 1045 3675 victoriae
1073 3634 1142 3690 per-

140 3702 286 3779 ciperent,
318 3704 366 3778 iis,
399 3703 451 3777 qui
484 3703 573 3780 primi
607 3721 726 3772 murum
755 3700 981 3773 ascendissent,
1017 3699 1144 3776 praemia

139 3789 298 3866 proposuit
332 3789 540 3862 militibusque
575 3788 695 3863 signum
729 3785 822 3845 dedit.
884 3785 934 3843 Illi
968 3785 1069 3842 subito
1104 3804 1141 3841 ex

140 3874 279 3933 omnibus
302 3874 442 3952 partibus
471 3872 669 3933 evolaverunt
697 3891 877 3945 murumque
900 3869 1040 3929 celeriter
1063 3889 1144 3928 oom-

140 3958 310 4035 pleverunt.
972 4034 989 4087 9
