<?xml version="1.0" encoding="UTF-8"?>
<!DOCTYPE html PUBLIC "-//W3C//DTD XHTML 1.0 Transitional//EN"
    "http://www.w3.org/TR/xhtml1/DTD/xhtml1-transitional.dtd">
<html xmlns="http://www.w3.org/1999/xhtml" xml:lang="en" lang="en">
 <head>
  <title>
</title>
<meta http-equiv="Content-Type" content="text/html;charset=utf-8" />
  <meta name='ocr-system' content='tesseract 3.04.00' />
  <meta name='ocr-capabilities' content='ocr_page ocr_carea ocr_par ocr_line ocrx_word'/>
</head>
<body>
  <div class='ocr_page' id='page_1' title='image "./debellogallico00caesgoog_0129.png"; bbox 0 0 2670 4456; ppageno 0'>
   <div class='ocr_carea' id='block_1_1' title="bbox 140 255 885 326">
    <p class='ocr_par' dir='ltr' id='par_1_1' title="bbox 140 255 885 326">
     <span class='ocr_line' id='line_1_1' title="bbox 140 255 885 326; baseline -0.013 -7"><span class='ocrx_word' id='word_1_1' title='bbox 140 314 143 319; x_wconf 89' lang='grc'><em>,</em></span> <span class='ocrx_word' id='word_1_2' title='bbox 180 269 242 326; x_wconf 83' lang='lat'><strong>120</strong></span> <span class='ocrx_word' id='word_1_3' title='bbox 498 258 551 311; x_wconf 85' lang='lat' dir='ltr'><strong>nn</strong></span> <span class='ocrx_word' id='word_1_4' title='bbox 569 255 696 310; x_wconf 80' lang='lat' dir='ltr'><strong>annno</strong></span> <span class='ocrx_word' id='word_1_5' title='bbox 716 255 885 311; x_wconf 76' lang='grc'>6111166</span> 
     </span>
    </p>
   </div>
   <div class='ocr_carea' id='block_1_2' title="bbox 63 451 1188 528">
    <p class='ocr_par' dir='ltr' id='par_1_2' title="bbox 63 451 1188 528">
     <span class='ocr_line' id='line_1_2' title="bbox 63 451 1188 528; baseline -0.006 -13"><span class='ocrx_word' id='word_1_6' title='bbox 63 496 72 516; x_wconf 88' lang='grc'><strong>.</strong></span> <span class='ocrx_word' id='word_1_7' title='bbox 180 454 275 514; x_wconf 85' lang='lat' dir='ltr'><strong>oculis</strong></span> <span class='ocrx_word' id='word_1_8' title='bbox 310 452 430 511; x_wconf 90' lang='lat' dir='ltr'><strong>domum</strong></span> <span class='ocrx_word' id='word_1_9' title='bbox 463 453 604 527; x_wconf 74' lang='lat' dir='ltr'><strong>remittit,</strong></span> <span class='ocrx_word' id='word_1_10' title='bbox 638 458 673 509; x_wconf 90' lang='lat' dir='ltr'><strong>ut</strong></span> <span class='ocrx_word' id='word_1_11' title='bbox 701 452 764 509; x_wconf 93' lang='lat' dir='ltr'><strong>sint</strong></span> <span class='ocrx_word' id='word_1_12' title='bbox 789 451 914 528; x_wconf 91' lang='lat' dir='ltr'><strong>reliquis</strong></span> <span class='ocrx_word' id='word_1_13' title='bbox 944 451 1125 510; x_wconf 90' lang='lat' dir='ltr'><strong>documento</strong></span> <span class='ocrx_word' id='word_1_14' title='bbox 1156 457 1188 509; x_wconf 94' lang='lat' dir='ltr'><strong>et</strong></span> 
     </span>
    </p>
   </div>
   <div class='ocr_carea' id='block_1_3' title="bbox 156 537 1219 3944">
    <p class='ocr_par' dir='ltr' id='par_1_3' title="bbox 179 537 829 616">
     <span class='ocr_line' id='line_1_3' title="bbox 179 537 829 616; baseline -0.006 -18"><span class='ocrx_word' id='word_1_15' title='bbox 179 538 386 616; x_wconf 80' lang='lat' dir='ltr'><strong>magnitudine</strong></span> <span class='ocrx_word' id='word_1_16' title='bbox 409 558 507 616; x_wconf 90' lang='lat' dir='ltr'><strong>poenae</strong></span> <span class='ocrx_word' id='word_1_17' title='bbox 530 544 721 614; x_wconf 81' lang='lat' dir='ltr'><strong>perterreant</strong></span> <span class='ocrx_word' id='word_1_18' title='bbox 744 537 829 595; x_wconf 88' lang='lat' dir='ltr'><strong>alios.</strong></span> 
     </span>
    </p>

    <p class='ocr_par' dir='ltr' id='par_1_4' title="bbox 179 621 1219 2151">
     <span class='ocr_line' id='line_1_4' title="bbox 264 621 1189 701; baseline -0.004 -18"><span class='ocrx_word' id='word_1_19' title='bbox 264 624 302 683; x_wconf 87' lang='lat' dir='ltr'><strong>V.</strong></span> <span class='ocrx_word' id='word_1_20' title='bbox 348 623 406 681; x_wconf 90' lang='lat' dir='ltr'><strong>His</strong></span> <span class='ocrx_word' id='word_1_21' title='bbox 430 624 588 701; x_wconf 78' lang='lat' dir='ltr'><strong>suppliciis</strong></span> <span class='ocrx_word' id='word_1_22' title='bbox 612 623 751 681; x_wconf 81' lang='lat' dir='ltr'><strong>celeriter</strong></span> <span class='ocrx_word' id='word_1_23' title='bbox 775 629 882 681; x_wconf 91' lang='lat' dir='ltr'><strong>coacto</strong></span> <span class='ocrx_word' id='word_1_24' title='bbox 912 622 1048 680; x_wconf 85' lang='lat' dir='ltr'><strong>exercitu</strong></span> <span class='ocrx_word' id='word_1_25' title='bbox 1070 621 1189 680; x_wconf 90' lang='lat' dir='ltr'><strong>Lucte-</strong></span> 
     </span>
     <span class='ocr_line' id='line_1_5' title="bbox 179 707 1188 785; baseline -0.003 -16"><span class='ocrx_word' id='word_1_26' title='bbox 179 710 259 769; x_wconf 90' lang='lat' dir='ltr'><strong>rium</strong></span> <span class='ocrx_word' id='word_1_27' title='bbox 282 707 463 783; x_wconf 79' lang='lat' dir='ltr'><strong>Cadurcum,</strong></span> <span class='ocrx_word' id='word_1_28' title='bbox 488 728 612 767; x_wconf 86' lang='lat' dir='ltr'><strong>summae</strong></span> <span class='ocrx_word' id='word_1_29' title='bbox 634 709 786 766; x_wconf 90' lang='lat' dir='ltr'><strong>hominem</strong></span> <span class='ocrx_word' id='word_1_30' title='bbox 815 707 966 782; x_wconf 82' lang='lat' dir='ltr'><strong>audaciae,</strong></span> <span class='ocrx_word' id='word_1_31' title='bbox 1001 727 1069 766; x_wconf 89' lang='lat' dir='ltr'><strong>cum</strong></span> <span class='ocrx_word' id='word_1_32' title='bbox 1097 714 1188 785; x_wconf 89' lang='lat' dir='ltr'><strong>parte</strong></span> 
     </span>
     <span class='ocr_line' id='line_1_6' title="bbox 181 791 1219 872; baseline -0.006 -19"><span class='ocrx_word' id='word_1_33' title='bbox 181 796 337 872; x_wconf 90' lang='lat' dir='ltr'><strong>copiarum</strong></span> <span class='ocrx_word' id='word_1_34' title='bbox 358 794 390 852; x_wconf 91' lang='lat' dir='ltr'><strong>in</strong></span> <span class='ocrx_word' id='word_1_35' title='bbox 412 795 552 853; x_wconf 83' lang='lat' dir='ltr'><strong>Rutenos</strong></span> <span class='ocrx_word' id='word_1_36' title='bbox 573 793 682 866; x_wconf 80' lang='lat' dir='ltr'><strong>mittit3</strong></span> <span class='ocrx_word' id='word_1_37' title='bbox 707 793 774 870; x_wconf 86' lang='lat' dir='ltr'><strong>ipse</strong></span> <span class='ocrx_word' id='word_1_38' title='bbox 796 794 828 851; x_wconf 90' lang='lat' dir='ltr'><strong>in</strong></span> <span class='ocrx_word' id='word_1_39' title='bbox 839 793 995 870; x_wconf 87' lang='lat' dir='ltr'><strong>Bituriges</strong></span> <span class='ocrx_word' id='word_1_40' title='bbox 1017 791 1187 870; x_wconf 67' lang='lat' dir='ltr'><strong>proficisci.</strong></span> <span class='ocrx_word' id='word_1_41' title='bbox 1215 842 1219 847; x_wconf 94' lang='lat'><strong>.</strong></span> 
     </span>
     <span class='ocr_line' id='line_1_7' title="bbox 180 879 1190 955; baseline -0.002 -17"><span class='ocrx_word' id='word_1_42' title='bbox 180 889 238 938; x_wconf 87' lang='lat' dir='ltr'><strong>tur.</strong></span> <span class='ocrx_word' id='word_1_43' title='bbox 283 879 361 955; x_wconf 85' lang='lat' dir='ltr'><strong>Ejus</strong></span> <span class='ocrx_word' id='word_1_44' title='bbox 385 879 518 939; x_wconf 88' lang='lat' dir='ltr'><strong>adventu</strong></span> <span class='ocrx_word' id='word_1_45' title='bbox 540 880 695 955; x_wconf 87' lang='lat' dir='ltr'><strong>Bituriges</strong></span> <span class='ocrx_word' id='word_1_46' title='bbox 719 879 759 936; x_wconf 92' lang='lat' dir='ltr'><strong>ad</strong></span> <span class='ocrx_word' id='word_1_47' title='bbox 780 879 927 953; x_wconf 88' lang='lat' dir='ltr'><strong>Haeduos,</strong></span> <span class='ocrx_word' id='word_1_48' title='bbox 951 899 1077 954; x_wconf 89' lang='lat' dir='ltr'><strong>quorum</strong></span> <span class='ocrx_word' id='word_1_49' title='bbox 1100 885 1190 936; x_wconf 91' lang='lat' dir='ltr'><strong>erant</strong></span> 
     </span>
     <span class='ocr_line' id='line_1_8' title="bbox 181 963 1189 1041; baseline -0.002 -17"><span class='ocrx_word' id='word_1_50' title='bbox 181 965 213 1024; x_wconf 91' lang='lat' dir='ltr'><strong>in</strong></span> <span class='ocrx_word' id='word_1_51' title='bbox 235 963 305 1039; x_wconf 88' lang='lat' dir='ltr'><strong>fide,</strong></span> <span class='ocrx_word' id='word_1_52' title='bbox 329 964 448 1041; x_wconf 88' lang='lat' dir='ltr'><strong>legatos</strong></span> <span class='ocrx_word' id='word_1_53' title='bbox 471 965 596 1022; x_wconf 86' lang='lat' dir='ltr'><strong>mittunt</strong></span> <span class='ocrx_word' id='word_1_54' title='bbox 618 965 787 1023; x_wconf 88' lang='lat' dir='ltr'><strong>subsidium</strong></span> <span class='ocrx_word' id='word_1_55' title='bbox 809 971 958 1041; x_wconf 88' lang='lat' dir='ltr'><strong>rogatum,</strong></span> <span class='ocrx_word' id='word_1_56' title='bbox 983 984 1042 1039; x_wconf 92' lang='lat' dir='ltr'><strong>quo</strong></span> <span class='ocrx_word' id='word_1_57' title='bbox 1065 963 1189 1022; x_wconf 83' lang='lat' dir='ltr'><strong>facilius</strong></span> 
     </span>
     <span class='ocr_line' id='line_1_9' title="bbox 179 1049 1188 1128; baseline -0.002 -19"><span class='ocrx_word' id='word_1_58' title='bbox 179 1051 313 1110; x_wconf 89' lang='lat' dir='ltr'><strong>hostium</strong></span> <span class='ocrx_word' id='word_1_59' title='bbox 346 1051 449 1128; x_wconf 88' lang='lat' dir='ltr'><strong>copias</strong></span> <span class='ocrx_word' id='word_1_60' title='bbox 484 1050 634 1108; x_wconf 86' lang='lat' dir='ltr'><strong>sustinere</strong></span> <span class='ocrx_word' id='word_1_61' title='bbox 667 1050 796 1127; x_wconf 85' lang='lat' dir='ltr'><strong>possint.</strong></span> <span class='ocrx_word' id='word_1_62' title='bbox 852 1049 964 1108; x_wconf 88' lang='lat' dir='ltr'><strong>Haedui</strong></span> <span class='ocrx_word' id='word_1_63' title='bbox 993 1049 1030 1107; x_wconf 92' lang='lat' dir='ltr'><strong>de</strong></span> <span class='ocrx_word' id='word_1_64' title='bbox 1059 1049 1188 1108; x_wconf 88' lang='lat' dir='ltr'><strong>consilio</strong></span> 
     </span>
     <span class='ocr_line' id='line_1_10' title="bbox 180 1134 1190 1215; baseline -0.001 -21"><span class='ocrx_word' id='word_1_65' title='bbox 180 1137 359 1215; x_wconf 89' lang='lat' dir='ltr'><strong>legatorum,</strong></span> <span class='ocrx_word' id='word_1_66' title='bbox 384 1155 460 1210; x_wconf 87' lang='lat' dir='ltr'><strong>quos</strong></span> <span class='ocrx_word' id='word_1_67' title='bbox 485 1134 590 1194; x_wconf 81' lang='lat' dir='ltr'><strong>Oaesar</strong></span> <span class='ocrx_word' id='word_1_68' title='bbox 618 1135 657 1193; x_wconf 88' lang='lat' dir='ltr'><strong>ad</strong></span> <span class='ocrx_word' id='word_1_69' title='bbox 685 1136 851 1194; x_wconf 85' lang='lat' dir='ltr'><strong>exercitum</strong></span> <span class='ocrx_word' id='word_1_70' title='bbox 878 1135 1056 1209; x_wconf 86' lang='lat' dir='ltr'><strong>reliquerat,</strong></span> <span class='ocrx_word' id='word_1_71' title='bbox 1081 1134 1190 1212; x_wconf 88' lang='lat' dir='ltr'><strong>copias</strong></span> 
     </span>
     <span class='ocr_line' id='line_1_11' title="bbox 182 1219 1190 1298; baseline -0.001 -19"><span class='ocrx_word' id='word_1_72' title='bbox 182 1222 336 1296; x_wconf 86' lang='lat' dir='ltr'><strong>equitatus</strong></span> <span class='ocrx_word' id='word_1_73' title='bbox 354 1220 571 1298; x_wconf 84' lang='lat' dir='ltr'><strong>peditatusque</strong></span> <span class='ocrx_word' id='word_1_74' title='bbox 589 1221 725 1279; x_wconf 88' lang='lat' dir='ltr'><strong>subsidio</strong></span> <span class='ocrx_word' id='word_1_75' title='bbox 744 1221 936 1297; x_wconf 85' lang='lat' dir='ltr'><strong>Biturigibus</strong></span> <span class='ocrx_word' id='word_1_76' title='bbox 953 1221 1084 1278; x_wconf 90' lang='lat' dir='ltr'><strong>mittunt.</strong></span> <span class='ocrx_word' id='word_1_77' title='bbox 1127 1219 1190 1290; x_wconf 78' lang='lat' dir='ltr'><strong>Qui</strong></span> 
     </span>
     <span class='ocr_line' id='line_1_12' title="bbox 182 1305 1189 1382; baseline -0.002 -17"><span class='ocrx_word' id='word_1_78' title='bbox 182 1327 272 1382; x_wconf 92' lang='lat' dir='ltr'><strong>quum</strong></span> <span class='ocrx_word' id='word_1_79' title='bbox 297 1307 335 1364; x_wconf 90' lang='lat' dir='ltr'><strong>ad</strong></span> <span class='ocrx_word' id='word_1_80' title='bbox 362 1305 474 1364; x_wconf 90' lang='lat' dir='ltr'><strong>flumen</strong></span> <span class='ocrx_word' id='word_1_81' title='bbox 497 1306 630 1382; x_wconf 86' lang='lat' dir='ltr'><strong>Ligerim</strong></span> <span class='ocrx_word' id='word_1_82' title='bbox 659 1306 831 1382; x_wconf 86' lang='lat' dir='ltr'><strong>venissent,</strong></span> <span class='ocrx_word' id='word_1_83' title='bbox 866 1305 946 1381; x_wconf 88' lang='lat' dir='ltr'><strong>qnod</strong></span> <span class='ocrx_word' id='word_1_84' title='bbox 968 1305 1124 1382; x_wconf 85' lang='lat' dir='ltr'><strong>Bituriges</strong></span> <span class='ocrx_word' id='word_1_85' title='bbox 1148 1307 1189 1364; x_wconf 89' lang='lat' dir='ltr'><strong>ab</strong></span> 
     </span>
     <span class='ocr_line' id='line_1_13' title="bbox 181 1390 1190 1469; baseline -0.002 -18"><span class='ocrx_word' id='word_1_86' title='bbox 181 1392 311 1451; x_wconf 88' lang='lat' dir='ltr'><strong>Haeduis</strong></span> <span class='ocrx_word' id='word_1_87' title='bbox 334 1391 452 1466; x_wconf 91' lang='lat' dir='ltr'><strong>dividit,</strong></span> <span class='ocrx_word' id='word_1_88' title='bbox 487 1411 601 1469; x_wconf 90' lang='lat' dir='ltr'><strong>paucos</strong></span> <span class='ocrx_word' id='word_1_89' title='bbox 635 1391 700 1451; x_wconf 91' lang='lat' dir='ltr'><strong>dies</strong></span> <span class='ocrx_word' id='word_1_90' title='bbox 734 1392 776 1449; x_wconf 91' lang='lat' dir='ltr'><strong>ibi</strong></span> <span class='ocrx_word' id='word_1_91' title='bbox 809 1392 919 1450; x_wconf 91' lang='lat' dir='ltr'><strong>morati</strong></span> <span class='ocrx_word' id='word_1_92' title='bbox 948 1411 1046 1466; x_wconf 91' lang='lat' dir='ltr'><strong>neque</strong></span> <span class='ocrx_word' id='word_1_93' title='bbox 1073 1390 1190 1449; x_wconf 91' lang='lat' dir='ltr'><strong>flumen</strong></span> 
     </span>
     <span class='ocr_line' id='line_1_14' title="bbox 182 1477 1188 1553; baseline -0.002 -17"><span class='ocrx_word' id='word_1_94' title='bbox 182 1477 312 1536; x_wconf 88' lang='lat' dir='ltr'><strong>transire</strong></span> <span class='ocrx_word' id='word_1_95' title='bbox 336 1477 401 1535; x_wconf 91' lang='lat' dir='ltr'><strong>ausi</strong></span> <span class='ocrx_word' id='word_1_96' title='bbox 424 1477 546 1535; x_wconf 91' lang='lat' dir='ltr'><strong>domum</strong></span> <span class='ocrx_word' id='word_1_97' title='bbox 574 1484 770 1535; x_wconf 90' lang='lat' dir='ltr'><strong>revertuntur</strong></span> <span class='ocrx_word' id='word_1_98' title='bbox 796 1477 968 1553; x_wconf 86' lang='lat' dir='ltr'><strong>legatisque</strong></span> <span class='ocrx_word' id='word_1_99' title='bbox 996 1477 1110 1535; x_wconf 88' lang='lat' dir='ltr'><strong>nostris</strong></span> <span class='ocrx_word' id='word_1_100' title='bbox 1138 1496 1188 1535; x_wconf 92' lang='lat' dir='ltr'><strong>re-</strong></span> 
     </span>
     <span class='ocr_line' id='line_1_15' title="bbox 182 1561 1193 1639; baseline 0 -19"><span class='ocrx_word' id='word_1_101' title='bbox 182 1562 324 1620; x_wconf 88' lang='lat' dir='ltr'><strong>nuntiant</strong></span> <span class='ocrx_word' id='word_1_102' title='bbox 346 1581 379 1621; x_wconf 90' lang='lat' dir='ltr'><strong>se</strong></span> <span class='ocrx_word' id='word_1_103' title='bbox 401 1562 574 1638; x_wconf 80' lang='lat' dir='ltr'><strong>Biturigum</strong></span> <span class='ocrx_word' id='word_1_104' title='bbox 595 1561 752 1639; x_wconf 73' lang='lat' dir='ltr'><strong>perfidiam</strong></span> <span class='ocrx_word' id='word_1_105' title='bbox 775 1563 889 1622; x_wconf 90' lang='lat' dir='ltr'><strong>veritos</strong></span> <span class='ocrx_word' id='word_1_106' title='bbox 918 1563 1092 1636; x_wconf 88' lang='lat' dir='ltr'><strong>revertisse,</strong></span> <span class='ocrx_word' id='word_1_107' title='bbox 1121 1562 1193 1637; x_wconf 41' lang='lat' dir='ltr'><strong>qui-1</strong></span> 
     </span>
     <span class='ocr_line' id='line_1_16' title="bbox 182 1647 1190 1723; baseline 0.001 -18"><span class='ocrx_word' id='word_1_108' title='bbox 182 1648 240 1705; x_wconf 87' lang='lat' dir='ltr'><strong>bus</strong></span> <span class='ocrx_word' id='word_1_109' title='bbox 263 1647 296 1705; x_wconf 93' lang='lat' dir='ltr'><strong>id</strong></span> <span class='ocrx_word' id='word_1_110' title='bbox 318 1648 436 1706; x_wconf 84' lang='lat' dir='ltr'><strong>consilii</strong></span> <span class='ocrx_word' id='word_1_111' title='bbox 463 1647 560 1706; x_wconf 84' lang='lat' dir='ltr'><strong>fuisse</strong></span> <span class='ocrx_word' id='word_1_112' title='bbox 592 1649 798 1723; x_wconf 74' lang='lat' dir='ltr'><strong>cognoverint,</strong></span> <span class='ocrx_word' id='word_1_113' title='bbox 828 1656 871 1722; x_wconf 91' lang='lat' dir='ltr'><strong>ut,</strong></span> <span class='ocrx_word' id='word_1_114' title='bbox 904 1648 931 1705; x_wconf 90' lang='lat' dir='ltr'><strong>si</strong></span> <span class='ocrx_word' id='word_1_115' title='bbox 953 1647 1065 1706; x_wconf 89' lang='lat' dir='ltr'><strong>flumen</strong></span> <span class='ocrx_word' id='word_1_116' title='bbox 1087 1654 1190 1706; x_wconf 87' lang='lat' dir='ltr'><strong>trans-</strong></span> 
     </span>
     <span class='ocr_line' id='line_1_17' title="bbox 182 1733 1187 1811; baseline -0.001 -19"><span class='ocrx_word' id='word_1_117' title='bbox 182 1734 295 1807; x_wconf 87' lang='lat' dir='ltr'><strong>issent,</strong></span> <span class='ocrx_word' id='word_1_118' title='bbox 324 1754 384 1791; x_wconf 90' lang='lat' dir='ltr'><strong>una</strong></span> <span class='ocrx_word' id='word_1_119' title='bbox 415 1754 452 1792; x_wconf 82' lang='lat' dir='ltr'><strong>ex</strong></span> <span class='ocrx_word' id='word_1_120' title='bbox 481 1740 567 1811; x_wconf 89' lang='lat' dir='ltr'><strong>parte</strong></span> <span class='ocrx_word' id='word_1_121' title='bbox 589 1734 662 1810; x_wconf 90' lang='lat' dir='ltr'><strong>ipsi,</strong></span> <span class='ocrx_word' id='word_1_122' title='bbox 699 1733 794 1792; x_wconf 91' lang='lat' dir='ltr'><strong>altera</strong></span> <span class='ocrx_word' id='word_1_123' title='bbox 815 1733 948 1793; x_wconf 86' lang='lat' dir='ltr'><strong>Arverni</strong></span> <span class='ocrx_word' id='word_1_124' title='bbox 972 1753 1004 1791; x_wconf 90' lang='lat' dir='ltr'><strong>se</strong></span> <span class='ocrx_word' id='word_1_125' title='bbox 1028 1733 1187 1791; x_wconf 87' lang='lat' dir='ltr'><strong>circumsi-</strong></span> 
     </span>
     <span class='ocr_line' id='line_1_18' title="bbox 184 1818 1189 1896; baseline -0.001 -20"><span class='ocrx_word' id='word_1_126' title='bbox 184 1825 307 1876; x_wconf 88' lang='lat' dir='ltr'><strong>sterent.</strong></span> <span class='ocrx_word' id='word_1_127' title='bbox 353 1818 392 1877; x_wconf 93' lang='lat' dir='ltr'><strong>Id</strong></span> <span class='ocrx_word' id='word_1_128' title='bbox 415 1839 490 1878; x_wconf 92' lang='lat' dir='ltr'><strong>eane</strong></span> <span class='ocrx_word' id='word_1_129' title='bbox 514 1818 551 1877; x_wconf 93' lang='lat' dir='ltr'><strong>de</strong></span> <span class='ocrx_word' id='word_1_130' title='bbox 575 1839 677 1893; x_wconf 88' lang='lat' dir='ltr'><strong>causa,</strong></span> <span class='ocrx_word' id='word_1_131' title='bbox 702 1839 792 1894; x_wconf 88' lang='lat' dir='ltr'><strong>quam</strong></span> <span class='ocrx_word' id='word_1_132' title='bbox 813 1819 924 1895; x_wconf 89' lang='lat' dir='ltr'><strong>legatis</strong></span> <span class='ocrx_word' id='word_1_133' title='bbox 953 1818 1189 1896; x_wconf 88' lang='lat' dir='ltr'><strong>pronuntiarint,</strong></span> 
     </span>
     <span class='ocr_line' id='line_1_19' title="bbox 184 1902 1189 1980; baseline 0 -19"><span class='ocrx_word' id='word_1_134' title='bbox 184 1923 222 1962; x_wconf 89' lang='lat' dir='ltr'><strong>an</strong></span> <span class='ocrx_word' id='word_1_135' title='bbox 244 1903 373 1980; x_wconf 89' lang='lat' dir='ltr'><strong>perfidia</strong></span> <span class='ocrx_word' id='word_1_136' title='bbox 407 1904 530 1962; x_wconf 88' lang='lat' dir='ltr'><strong>adducti</strong></span> <span class='ocrx_word' id='word_1_137' title='bbox 563 1902 701 1978; x_wconf 88' lang='lat' dir='ltr'><strong>fecerint,</strong></span> <span class='ocrx_word' id='word_1_138' title='bbox 732 1903 814 1979; x_wconf 90' lang='lat' dir='ltr'><strong>quod</strong></span> <span class='ocrx_word' id='word_1_139' title='bbox 846 1905 922 1962; x_wconf 85' lang='lat' dir='ltr'><strong>nihil</strong></span> <span class='ocrx_word' id='word_1_140' title='bbox 943 1903 1033 1961; x_wconf 87' lang='lat' dir='ltr'><strong>nobis</strong></span> <span class='ocrx_word' id='word_1_141' title='bbox 1056 1910 1189 1978; x_wconf 89' lang='lat' dir='ltr'><strong>constat,</strong></span> 
     </span>
     <span class='ocr_line' id='line_1_20' title="bbox 183 1988 1190 2067; baseline 0.001 -21"><span class='ocrx_word' id='word_1_142' title='bbox 183 2009 244 2046; x_wconf 88' lang='lat' dir='ltr'><strong>non</strong></span> <span class='ocrx_word' id='word_1_143' title='bbox 277 1989 399 2048; x_wconf 88' lang='lat' dir='ltr'><strong>videtur</strong></span> <span class='ocrx_word' id='word_1_144' title='bbox 430 2009 485 2066; x_wconf 90' lang='lat' dir='ltr'><strong>pro</strong></span> <span class='ocrx_word' id='word_1_145' title='bbox 520 1996 602 2047; x_wconf 89' lang='lat' dir='ltr'><strong>certo</strong></span> <span class='ocrx_word' id='word_1_146' title='bbox 636 2009 704 2048; x_wconf 91' lang='lat' dir='ltr'><strong>esse</strong></span> <span class='ocrx_word' id='word_1_147' title='bbox 738 1989 975 2067; x_wconf 89' lang='lat' dir='ltr'><strong>proponendum.</strong></span> <span class='ocrx_word' id='word_1_148' title='bbox 1031 1988 1190 2065; x_wconf 87' lang='lat' dir='ltr'><strong>Bituriges</strong></span> 
     </span>
     <span class='ocr_line' id='line_1_21' title="bbox 185 2073 1078 2151; baseline 0.002 -20"><span class='ocrx_word' id='word_1_149' title='bbox 185 2093 289 2132; x_wconf 88' lang='lat' dir='ltr'><strong>eorum</strong></span> <span class='ocrx_word' id='word_1_150' title='bbox 312 2073 452 2132; x_wconf 88' lang='lat' dir='ltr'><strong>discessu</strong></span> <span class='ocrx_word' id='word_1_151' title='bbox 475 2075 578 2132; x_wconf 90' lang='lat' dir='ltr'><strong>statim</strong></span> <span class='ocrx_word' id='word_1_152' title='bbox 601 2094 669 2132; x_wconf 90' lang='lat' dir='ltr'><strong>cum</strong></span> <span class='ocrx_word' id='word_1_153' title='bbox 691 2075 840 2135; x_wconf 85' lang='lat' dir='ltr'><strong>Arvernis</strong></span> <span class='ocrx_word' id='word_1_154' title='bbox 860 2075 1040 2151; x_wconf 87' lang='lat' dir='ltr'><strong>junguntur.</strong></span> <span class='ocrx_word' id='word_1_155' title='bbox 1074 2117 1078 2123; x_wconf 87' lang='lat'>-</span> 
     </span>
    </p>

    <p class='ocr_par' dir='ltr' id='par_1_5' title="bbox 180 2159 1197 2990">
     <span class='ocr_line' id='line_1_22' title="bbox 269 2159 1191 2234; baseline 0 -16"><span class='ocrx_word' id='word_1_156' title='bbox 269 2159 327 2218; x_wconf 82' lang='lat' dir='ltr'><strong>VI.</strong></span> <span class='ocrx_word' id='word_1_157' title='bbox 355 2160 429 2219; x_wconf 75' lang='lat' dir='ltr'><strong>,His</strong></span> <span class='ocrx_word' id='word_1_158' title='bbox 452 2160 543 2218; x_wconf 89' lang='lat' dir='ltr'><strong>rebus</strong></span> <span class='ocrx_word' id='word_1_159' title='bbox 566 2159 597 2218; x_wconf 88' lang='lat' dir='ltr'><strong>in</strong></span> <span class='ocrx_word' id='word_1_160' title='bbox 619 2160 740 2228; x_wconf 85' lang='lat' dir='ltr'><strong>Italiam</strong></span> <span class='ocrx_word' id='word_1_161' title='bbox 764 2160 879 2219; x_wconf 82' lang='lat' dir='ltr'><strong>Caesari</strong></span> <span class='ocrx_word' id='word_1_162' title='bbox 908 2159 1066 2234; x_wconf 76' lang='lat' dir='ltr'><strong>nuntiatiS,</strong></span> <span class='ocrx_word' id='word_1_163' title='bbox 1096 2179 1191 2234; x_wconf 91' lang='lat' dir='ltr'><strong>quum</strong></span> 
     </span>
     <span class='ocr_line' id='line_1_23' title="bbox 180 2243 1193 2323; baseline 0.001 -21"><span class='ocrx_word' id='word_1_164' title='bbox 180 2244 245 2322; x_wconf 83' lang='lat' dir='ltr'><strong>jam</strong></span> <span class='ocrx_word' id='word_1_165' title='bbox 268 2244 319 2302; x_wconf 89' lang='lat' dir='ltr'><strong>ille</strong></span> <span class='ocrx_word' id='word_1_166' title='bbox 342 2245 476 2303; x_wconf 88' lang='lat' dir='ltr'><strong>urbanas</strong></span> <span class='ocrx_word' id='word_1_167' title='bbox 498 2264 548 2303; x_wconf 92' lang='lat' dir='ltr'><strong>res</strong></span> <span class='ocrx_word' id='word_1_168' title='bbox 571 2245 684 2304; x_wconf 91' lang='lat' dir='ltr'><strong>virtute</strong></span> <span class='ocrx_word' id='word_1_169' title='bbox 709 2245 766 2304; x_wconf 82' lang='lat' dir='ltr'><strong>Gn.</strong></span> <span class='ocrx_word' id='word_1_170' title='bbox 791 2245 930 2323; x_wconf 89' lang='lat' dir='ltr'><strong>Pompeji</strong></span> <span class='ocrx_word' id='word_1_171' title='bbox 954 2243 1193 2303; x_wconf 89' lang='lat' dir='ltr'><strong>commodiorem</strong></span> 
     </span>
     <span class='ocr_line' id='line_1_24' title="bbox 181 2330 1192 2408; baseline 0 -20"><span class='ocrx_word' id='word_1_172' title='bbox 181 2330 213 2388; x_wconf 90' lang='lat' dir='ltr'><strong>in</strong></span> <span class='ocrx_word' id='word_1_173' title='bbox 241 2337 354 2389; x_wconf 90' lang='lat' dir='ltr'><strong>statum</strong></span> <span class='ocrx_word' id='word_1_174' title='bbox 381 2331 559 2408; x_wconf 89' lang='lat' dir='ltr'><strong>pervenisse</strong></span> <span class='ocrx_word' id='word_1_175' title='bbox 578 2330 787 2407; x_wconf 81' lang='lat' dir='ltr'><strong>intelligeret,</strong></span> <span class='ocrx_word' id='word_1_176' title='bbox 806 2331 837 2388; x_wconf 90' lang='lat' dir='ltr'><strong>in</strong></span> <span class='ocrx_word' id='word_1_177' title='bbox 865 2330 1097 2408; x_wconf 79' lang='lat' dir='ltr'><strong>Transalpinam</strong></span> <span class='ocrx_word' id='word_1_178' title='bbox 1118 2330 1192 2389; x_wconf 85' lang='lat' dir='ltr'><strong>Gal-</strong></span> 
     </span>
     <span class='ocr_line' id='line_1_25' title="bbox 182 2413 1193 2493; baseline 0 -20"><span class='ocrx_word' id='word_1_179' title='bbox 182 2416 254 2474; x_wconf 91' lang='lat' dir='ltr'><strong>liam</strong></span> <span class='ocrx_word' id='word_1_180' title='bbox 276 2415 434 2493; x_wconf 83' lang='lat' dir='ltr'><strong>profectus</strong></span> <span class='ocrx_word' id='word_1_181' title='bbox 458 2423 514 2474; x_wconf 93' lang='lat' dir='ltr'><strong>est.</strong></span> <span class='ocrx_word' id='word_1_182' title='bbox 559 2416 605 2474; x_wconf 86' lang='lat' dir='ltr'><strong>Eo</strong></span> <span class='ocrx_word' id='word_1_183' title='bbox 630 2437 722 2491; x_wconf 90' lang='lat' dir='ltr'><strong>quum</strong></span> <span class='ocrx_word' id='word_1_184' title='bbox 745 2417 898 2490; x_wconf 87' lang='lat' dir='ltr'><strong>venisset,</strong></span> <span class='ocrx_word' id='word_1_185' title='bbox 927 2436 1038 2492; x_wconf 89' lang='lat' dir='ltr'><strong>magna</strong></span> <span class='ocrx_word' id='word_1_186' title='bbox 1061 2413 1193 2474; x_wconf 85' lang='lat' dir='ltr'><strong>difficul-</strong></span> 
     </span>
     <span class='ocr_line' id='line_1_26' title="bbox 182 2499 1194 2578; baseline 0.002 -20"><span class='ocrx_word' id='word_1_187' title='bbox 182 2507 247 2558; x_wconf 89' lang='lat' dir='ltr'><strong>tate</strong></span> <span class='ocrx_word' id='word_1_188' title='bbox 276 2499 483 2577; x_wconf 84' lang='lat' dir='ltr'><strong>afficiebatur,</strong></span> <span class='ocrx_word' id='word_1_189' title='bbox 519 2522 579 2576; x_wconf 89' lang='lat' dir='ltr'><strong>qua</strong></span> <span class='ocrx_word' id='word_1_190' title='bbox 612 2501 729 2560; x_wconf 89' lang='lat' dir='ltr'><strong>ratione</strong></span> <span class='ocrx_word' id='word_1_191' title='bbox 761 2501 800 2559; x_wconf 94' lang='lat' dir='ltr'><strong>ad</strong></span> <span class='ocrx_word' id='word_1_192' title='bbox 835 2503 1002 2560; x_wconf 87' lang='lat' dir='ltr'><strong>exercitum</strong></span> <span class='ocrx_word' id='word_1_193' title='bbox 1031 2501 1194 2578; x_wconf 90' lang='lat' dir='ltr'><strong>pervenire</strong></span> 
     </span>
     <span class='ocr_line' id='line_1_27' title="bbox 181 2586 1197 2664; baseline 0.003 -21"><span class='ocrx_word' id='word_1_194' title='bbox 181 2593 297 2662; x_wconf 88' lang='lat' dir='ltr'><strong>posset.</strong></span> <span class='ocrx_word' id='word_1_195' title='bbox 343 2586 423 2644; x_wconf 90' lang='lat' dir='ltr'><strong>Nam</strong></span> <span class='ocrx_word' id='word_1_196' title='bbox 457 2587 484 2645; x_wconf 88' lang='lat' dir='ltr'><strong>si</strong></span> <span class='ocrx_word' id='word_1_197' title='bbox 511 2587 647 2663; x_wconf 86' lang='lat' dir='ltr'><strong>legiones</strong></span> <span class='ocrx_word' id='word_1_198' title='bbox 676 2588 708 2645; x_wconf 94' lang='lat' dir='ltr'><strong>in</strong></span> <span class='ocrx_word' id='word_1_199' title='bbox 730 2587 918 2664; x_wconf 90' lang='lat' dir='ltr'><strong>provinciam</strong></span> <span class='ocrx_word' id='word_1_200' title='bbox 941 2593 1128 2662; x_wconf 89' lang='lat' dir='ltr'><strong>arcesseret,</strong></span> <span class='ocrx_word' id='word_1_201' title='bbox 1159 2607 1197 2646; x_wconf 89' lang='lat' dir='ltr'><strong>se·</strong></span> 
     </span>
     <span class='ocr_line' id='line_1_28' title="bbox 183 2671 1194 2749; baseline 0.001 -20"><span class='ocrx_word' id='word_1_202' title='bbox 183 2671 309 2730; x_wconf 87' lang='lat' dir='ltr'><strong>absente</strong></span> <span class='ocrx_word' id='word_1_203' title='bbox 342 2671 374 2728; x_wconf 92' lang='lat' dir='ltr'><strong>in</strong></span> <span class='ocrx_word' id='word_1_204' title='bbox 406 2671 514 2729; x_wconf 93' lang='lat' dir='ltr'><strong>itinere</strong></span> <span class='ocrx_word' id='word_1_205' title='bbox 552 2672 659 2749; x_wconf 91' lang='lat' dir='ltr'><strong>proelio</strong></span> <span class='ocrx_word' id='word_1_206' title='bbox 695 2672 890 2731; x_wconf 89' lang='lat' dir='ltr'><strong>dimicaturas</strong></span> <span class='ocrx_word' id='word_1_207' title='bbox 924 2672 1128 2746; x_wconf 74' lang='lat' dir='ltr'><strong>intelligebat,</strong></span> <span class='ocrx_word' id='word_1_208' title='bbox 1166 2673 1194 2731; x_wconf 88' lang='lat' dir='ltr'><strong>si</strong></span> 
     </span>
     <span class='ocr_line' id='line_1_29' title="bbox 182 2754 1192 2832; baseline 0.003 -19"><span class='ocrx_word' id='word_1_209' title='bbox 182 2755 249 2832; x_wconf 88' lang='lat' dir='ltr'><strong>ipse</strong></span> <span class='ocrx_word' id='word_1_210' title='bbox 273 2754 311 2812; x_wconf 91' lang='lat' dir='ltr'><strong>ad</strong></span> <span class='ocrx_word' id='word_1_211' title='bbox 336 2757 502 2815; x_wconf 84' lang='lat' dir='ltr'><strong>exercitum</strong></span> <span class='ocrx_word' id='word_1_212' title='bbox 525 2756 736 2831; x_wconf 88' lang='lat' dir='ltr'><strong>contenderet,</strong></span> <span class='ocrx_word' id='word_1_213' title='bbox 765 2758 864 2816; x_wconf 90' lang='lat' dir='ltr'><strong>neiis</strong></span> <span class='ocrx_word' id='word_1_214' title='bbox 887 2757 1024 2832; x_wconf 89' lang='lat' dir='ltr'><strong>quidem,</strong></span> <span class='ocrx_word' id='word_1_215' title='bbox 1055 2777 1090 2816; x_wconf 91' lang='lat' dir='ltr'><strong>eo</strong></span> <span class='ocrx_word' id='word_1_216' title='bbox 1114 2764 1192 2816; x_wconf 89' lang='lat' dir='ltr'><strong>tem-</strong></span> 
     </span>
     <span class='ocr_line' id='line_1_30' title="bbox 185 2840 1192 2918; baseline 0.005 -20"><span class='ocrx_word' id='word_1_217' title='bbox 185 2860 260 2918; x_wconf 89' lang='lat' dir='ltr'><strong>pore</strong></span> <span class='ocrx_word' id='word_1_218' title='bbox 294 2840 346 2915; x_wconf 87' lang='lat' dir='ltr'><strong>qui</strong></span> <span class='ocrx_word' id='word_1_219' title='bbox 380 2841 473 2916; x_wconf 91' lang='lat' dir='ltr'><strong>quieti</strong></span> <span class='ocrx_word' id='word_1_220' title='bbox 502 2841 687 2916; x_wconf 89' lang='lat' dir='ltr'><strong>viderentur,</strong></span> <span class='ocrx_word' id='word_1_221' title='bbox 723 2862 808 2900; x_wconf 88' lang='lat' dir='ltr'><strong>suam</strong></span> <span class='ocrx_word' id='word_1_222' title='bbox 843 2844 971 2902; x_wconf 86' lang='lat' dir='ltr'><strong>salutem</strong></span> <span class='ocrx_word' id='word_1_223' title='bbox 1001 2851 1085 2901; x_wconf 89' lang='lat' dir='ltr'><strong>recte</strong></span> <span class='ocrx_word' id='word_1_224' title='bbox 1110 2863 1192 2902; x_wconf 88' lang='lat' dir='ltr'><strong>corn-</strong></span> 
     </span>
     <span class='ocr_line' id='line_1_31' title="bbox 180 2925 674 2990; baseline 0.008 -4"><span class='ocrx_word' id='word_1_225' title='bbox 180 2926 260 2986; x_wconf 88' lang='lat' dir='ltr'><strong>mitti</strong></span> <span class='ocrx_word' id='word_1_226' title='bbox 280 2925 414 2986; x_wconf 89' lang='lat' dir='ltr'><strong>videbat.</strong></span> <span class='ocrx_word' id='word_1_227' title='bbox 670 2980 674 2990; x_wconf 83' lang='lat'><strong>.</strong></span> 
     </span>
    </p>

    <p class='ocr_par' dir='ltr' id='par_1_6' title="bbox 156 3011 1193 3944">
     <span class='ocr_line' id='line_1_32' title="bbox 267 3011 1191 3072; baseline 0.001 -1"><span class='ocrx_word' id='word_1_228' title='bbox 267 3011 341 3071; x_wconf 88' lang='lat' dir='ltr'><strong>VII.</strong></span> <span class='ocrx_word' id='word_1_229' title='bbox 386 3012 513 3070; x_wconf 87' lang='lat' dir='ltr'><strong>Interim</strong></span> <span class='ocrx_word' id='word_1_230' title='bbox 536 3013 698 3071; x_wconf 90' lang='lat' dir='ltr'><strong>Lucterius</strong></span> <span class='ocrx_word' id='word_1_231' title='bbox 724 3012 880 3072; x_wconf 83' lang='lat' dir='ltr'><strong>Cadurcus</strong></span> <span class='ocrx_word' id='word_1_232' title='bbox 902 3014 934 3071; x_wconf 88' lang='lat' dir='ltr'><strong>in</strong></span> <span class='ocrx_word' id='word_1_233' title='bbox 955 3013 1094 3072; x_wconf 85' lang='lat' dir='ltr'><strong>Rutenos</strong></span> <span class='ocrx_word' id='word_1_234' title='bbox 1117 3013 1191 3072; x_wconf 91' lang='lat' dir='ltr'><strong>mis·</strong></span> 
     </span>
     <span class='ocr_line' id='line_1_33' title="bbox 184 3097 1192 3175; baseline 0.004 -21"><span class='ocrx_word' id='word_1_235' title='bbox 184 3116 237 3155; x_wconf 88' lang='lat' dir='ltr'><strong>sus</strong></span> <span class='ocrx_word' id='word_1_236' title='bbox 276 3116 342 3154; x_wconf 89' lang='lat' dir='ltr'><strong>eam</strong></span> <span class='ocrx_word' id='word_1_237' title='bbox 376 3097 531 3158; x_wconf 90' lang='lat' dir='ltr'><strong>civitatem</strong></span> <span class='ocrx_word' id='word_1_238' title='bbox 552 3097 701 3157; x_wconf 86' lang='lat' dir='ltr'><strong>Arvernis</strong></span> <span class='ocrx_word' id='word_1_239' title='bbox 736 3099 885 3158; x_wconf 90' lang='lat' dir='ltr'><strong>conciliat.</strong></span> <span class='ocrx_word' id='word_1_240' title='bbox 942 3099 1129 3175; x_wconf 83' lang='lat' dir='ltr'><strong>Progressus</strong></span> <span class='ocrx_word' id='word_1_241' title='bbox 1160 3100 1192 3158; x_wconf 93' lang='lat' dir='ltr'><strong>in</strong></span> 
     </span>
     <span class='ocr_line' id='line_1_34' title="bbox 181 3181 1193 3261; baseline 0.004 -22"><span class='ocrx_word' id='word_1_242' title='bbox 181 3181 379 3258; x_wconf 87' lang='lat' dir='ltr'><strong>Nitiobroges</strong></span> <span class='ocrx_word' id='word_1_243' title='bbox 410 3190 441 3241; x_wconf 93' lang='lat' dir='ltr'><strong>et</strong></span> <span class='ocrx_word' id='word_1_244' title='bbox 465 3183 599 3242; x_wconf 86' lang='lat' dir='ltr'><strong>Gabalos</strong></span> <span class='ocrx_word' id='word_1_245' title='bbox 629 3185 667 3242; x_wconf 89' lang='lat' dir='ltr'><strong>ab</strong></span> <span class='ocrx_word' id='word_1_246' title='bbox 697 3184 834 3260; x_wconf 89' lang='lat' dir='ltr'><strong>utrisque</strong></span> <span class='ocrx_word' id='word_1_247' title='bbox 864 3183 987 3243; x_wconf 88' lang='lat' dir='ltr'><strong>obsides</strong></span> <span class='ocrx_word' id='word_1_248' title='bbox 1017 3184 1129 3261; x_wconf 88' lang='lat' dir='ltr'><strong>accipit</strong></span> <span class='ocrx_word' id='word_1_249' title='bbox 1161 3191 1193 3243; x_wconf 90' lang='lat' dir='ltr'><strong>et</strong></span> 
     </span>
     <span class='ocr_line' id='line_1_35' title="bbox 181 3269 1191 3347; baseline 0.004 -23"><span class='ocrx_word' id='word_1_250' title='bbox 181 3286 292 3342; x_wconf 88' lang='lat' dir='ltr'><strong>magna</strong></span> <span class='ocrx_word' id='word_1_251' title='bbox 321 3274 427 3326; x_wconf 89' lang='lat' dir='ltr'><strong>coacta</strong></span> <span class='ocrx_word' id='word_1_252' title='bbox 459 3289 551 3327; x_wconf 88' lang='lat' dir='ltr'><strong>manu</strong></span> <span class='ocrx_word' id='word_1_253' title='bbox 584 3269 615 3326; x_wconf 91' lang='lat' dir='ltr'><strong>in</strong></span> <span class='ocrx_word' id='word_1_254' title='bbox 648 3269 836 3347; x_wconf 88' lang='lat' dir='ltr'><strong>provinciam</strong></span> <span class='ocrx_word' id='word_1_255' title='bbox 872 3269 1046 3328; x_wconf 85' lang='lat' dir='ltr'><strong>Narbonem</strong></span> <span class='ocrx_word' id='word_1_256' title='bbox 1079 3288 1191 3329; x_wconf 86' lang='lat' dir='ltr'><strong>versus</strong></span> 
     </span>
     <span class='ocr_line' id='line_1_36' title="bbox 183 3351 1191 3428; baseline 0.002 -17"><span class='ocrx_word' id='word_1_257' title='bbox 183 3352 371 3428; x_wconf 87' lang='lat' dir='ltr'><strong>eruptionem</strong></span> <span class='ocrx_word' id='word_1_258' title='bbox 404 3351 506 3422; x_wconf 77' lang='lat' dir='ltr'><strong>facere</strong></span> <span class='ocrx_word' id='word_1_259' title='bbox 541 3354 705 3413; x_wconf 89' lang='lat' dir='ltr'><strong>contendit.</strong></span> <span class='ocrx_word' id='word_1_260' title='bbox 764 3355 831 3426; x_wconf 78' lang='lat' dir='ltr'><strong>Qua</strong></span> <span class='ocrx_word' id='word_1_261' title='bbox 860 3375 894 3413; x_wconf 89' lang='lat' dir='ltr'><strong>re</strong></span> <span class='ocrx_word' id='word_1_262' title='bbox 922 3355 1062 3414; x_wconf 86' lang='lat' dir='ltr'><strong>nuntiata</strong></span> <span class='ocrx_word' id='word_1_263' title='bbox 1086 3354 1191 3414; x_wconf 81' lang='lat' dir='ltr'><strong>Caesar</strong></span> 
     </span>
     <span class='ocr_line' id='line_1_37' title="bbox 183 3437 1191 3515; baseline 0.003 -19"><span class='ocrx_word' id='word_1_264' title='bbox 183 3437 322 3496; x_wconf 88' lang='lat' dir='ltr'><strong>omnibus</strong></span> <span class='ocrx_word' id='word_1_265' title='bbox 345 3438 478 3498; x_wconf 86' lang='lat' dir='ltr'><strong>consiliis</strong></span> <span class='ocrx_word' id='word_1_266' title='bbox 502 3439 754 3499; x_wconf 89' lang='lat' dir='ltr'><strong>antevertendum</strong></span> <span class='ocrx_word' id='word_1_267' title='bbox 778 3440 979 3515; x_wconf 85' lang='lat' dir='ltr'><strong>existimavit,</strong></span> <span class='ocrx_word' id='word_1_268' title='bbox 1009 3447 1043 3498; x_wconf 94' lang='lat' dir='ltr'><strong>ut</strong></span> <span class='ocrx_word' id='word_1_269' title='bbox 1070 3439 1191 3499; x_wconf 85' lang='lat' dir='ltr'><strong>Narbo-</strong></span> 
     </span>
     <span class='ocr_line' id='line_1_38' title="bbox 181 3521 1189 3602; baseline 0.003 -21"><span class='ocrx_word' id='word_1_270' title='bbox 181 3542 250 3581; x_wconf 91' lang='lat' dir='ltr'><strong>nem</strong></span> <span class='ocrx_word' id='word_1_271' title='bbox 271 3521 526 3601; x_wconf 88' lang='lat' dir='ltr'><strong>proficisceretur.</strong></span> <span class='ocrx_word' id='word_1_272' title='bbox 577 3526 624 3584; x_wconf 84' lang='lat' dir='ltr'><strong>Eo</strong></span> <span class='ocrx_word' id='word_1_273' title='bbox 654 3546 747 3601; x_wconf 90' lang='lat' dir='ltr'><strong>quum</strong></span> <span class='ocrx_word' id='word_1_274' title='bbox 774 3525 921 3602; x_wconf 88' lang='lat' dir='ltr'><strong>venisset,</strong></span> <span class='ocrx_word' id='word_1_275' title='bbox 951 3526 1093 3584; x_wconf 87' lang='lat' dir='ltr'><strong>timentes</strong></span> <span class='ocrx_word' id='word_1_276' title='bbox 1118 3545 1189 3585; x_wconf 90' lang='lat' dir='ltr'><strong>con-</strong></span> 
     </span>
     <span class='ocr_line' id='line_1_39' title="bbox 181 3606 1189 3688; baseline 0.004 -22"><span class='ocrx_word' id='word_1_277' title='bbox 181 3606 291 3684; x_wconf 88' lang='lat' dir='ltr'><strong>firmat,</strong></span> <span class='ocrx_word' id='word_1_278' title='bbox 315 3609 460 3686; x_wconf 87' lang='lat' dir='ltr'><strong>praesidia</strong></span> <span class='ocrx_word' id='word_1_279' title='bbox 481 3611 656 3670; x_wconf 87' lang='lat' dir='ltr'><strong>inButenis</strong></span> <span class='ocrx_word' id='word_1_280' title='bbox 678 3610 927 3688; x_wconf 62' lang='lat' dir='ltr'><strong>provincialibus</strong></span> <span class='ocrx_word' id='word_1_281' title='bbox 951 3611 1056 3670; x_wconf 88' lang='lat' dir='ltr'><strong>Volcis</strong></span> <span class='ocrx_word' id='word_1_282' title='bbox 1073 3610 1189 3670; x_wconf 87' lang='lat' dir='ltr'><strong>Areco-</strong></span> 
     </span>
     <span class='ocr_line' id='line_1_40' title="bbox 183 3693 1189 3772; baseline 0.005 -21"><span class='ocrx_word' id='word_1_283' title='bbox 183 3693 287 3768; x_wconf 89' lang='lat' dir='ltr'><strong>micis,</strong></span> <span class='ocrx_word' id='word_1_284' title='bbox 322 3695 515 3754; x_wconf 82' lang='lat' dir='ltr'><strong>Tolosatibus</strong></span> <span class='ocrx_word' id='word_1_285' title='bbox 545 3697 718 3771; x_wconf 88' lang='lat' dir='ltr'><strong>circumque</strong></span> <span class='ocrx_word' id='word_1_286' title='bbox 741 3695 931 3771; x_wconf 88' lang='lat' dir='ltr'><strong>Narbonem,</strong></span> <span class='ocrx_word' id='word_1_287' title='bbox 956 3716 1023 3772; x_wconf 89' lang='lat' dir='ltr'><strong>quae</strong></span> <span class='ocrx_word' id='word_1_288' title='bbox 1046 3697 1114 3756; x_wconf 89' lang='lat' dir='ltr'><strong>loca</strong></span> <span class='ocrx_word' id='word_1_289' title='bbox 1135 3696 1189 3756; x_wconf 92' lang='lat' dir='ltr'><strong>ho-</strong></span> 
     </span>
     <span class='ocr_line' id='line_1_41' title="bbox 185 3779 1190 3860; baseline 0.003 -23"><span class='ocrx_word' id='word_1_290' title='bbox 185 3779 287 3837; x_wconf 88' lang='lat' dir='ltr'><strong>stibus</strong></span> <span class='ocrx_word' id='word_1_291' title='bbox 322 3789 408 3840; x_wconf 90' lang='lat' dir='ltr'><strong>erant</strong></span> <span class='ocrx_word' id='word_1_292' title='bbox 434 3779 577 3855; x_wconf 89' lang='lat' dir='ltr'><strong>finitima,</strong></span> <span class='ocrx_word' id='word_1_293' title='bbox 613 3781 786 3855; x_wconf 72' lang='lat' dir='ltr'><strong>constituit,</strong></span> <span class='ocrx_word' id='word_1_294' title='bbox 821 3789 939 3859; x_wconf 89' lang='lat' dir='ltr'><strong>partem</strong></span> <span class='ocrx_word' id='word_1_295' title='bbox 967 3781 1122 3860; x_wconf 88' lang='lat' dir='ltr'><strong>copiarum</strong></span> <span class='ocrx_word' id='word_1_296' title='bbox 1151 3801 1190 3840; x_wconf 89' lang='lat' dir='ltr'><strong>ex</strong></span> 
     </span>
     <span class='ocr_line' id='line_1_42' title="bbox 156 3865 1193 3944; baseline 0 -22"><span class='ocrx_word' id='word_1_297' title='bbox 156 3865 340 3941; x_wconf 74' lang='lat' dir='ltr'><strong>‘provincia</strong></span> <span class='ocrx_word' id='word_1_298' title='bbox 363 3867 683 3944; x_wconf 89' lang='lat' dir='ltr'><strong>supplementumque,</strong></span> <span class='ocrx_word' id='word_1_299' title='bbox 714 3865 796 3943; x_wconf 91' lang='lat' dir='ltr'><strong>quod</strong></span> <span class='ocrx_word' id='word_1_300' title='bbox 824 3887 861 3925; x_wconf 85' lang='lat' dir='ltr'><strong>ex</strong></span> <span class='ocrx_word' id='word_1_301' title='bbox 889 3866 981 3926; x_wconf 87' lang='lat' dir='ltr'><strong>Italia</strong></span> <span class='ocrx_word' id='word_1_302' title='bbox 1009 3866 1193 3942; x_wconf 84' lang='lat' dir='ltr'><strong>adduxerat,</strong></span> 
     </span>
    </p>
   </div>
   <div class='ocr_carea' id='block_1_4' title="bbox 0 0 1343 4456">
    <p class='ocr_par' dir='ltr' id='par_1_7' title="bbox 0 0 1343 4456">
     <span class='ocr_line' id='line_1_43' title="bbox 0 0 1343 4456; baseline 0 0"><span class='ocrx_word' id='word_1_303' title='bbox 0 0 1343 4456; x_wconf 95' lang='lat' dir='ltr'><strong> </strong></span> 
     </span>
    </p>
   </div>
  </div>
 </body>
</html>
