2670 4456
577 260 700 316 nmnn
718 261 757 317 Π.
1130 273 1171 331 35

163 456 255 531 ferre,
286 462 317 514 et
349 455 387 514 ab
415 454 545 516 Haeduis
576 455 726 516 deiecisse
755 464 786 516 et
807 457 921 536 populo
943 457 1081 518 Romano
1103 461 1167 519 bel·

163 543 227 601 lum
259 540 410 600 intulisse.
468 541 528 613 Qui
561 541 628 620 ejus
663 543 781 602 consilii
824 544 979 623 principes
1024 543 1168 622 fuissent,

165 627 247 705 quod
268 626 484 704 intelligerent,
509 635 654 705 quantam
677 629 881 689 calamitatem
910 631 1027 691 civitati
1048 631 1167 691 intulis·

165 721 242 790 sent,
265 713 297 772 in
319 711 510 772 Britanniam
532 713 716 792 profugisse.
761 715 871 774 Petere
893 736 955 775 non
977 717 1075 776 solum
1097 716 1168 777 Bel-

164 802 296 874 lovacos,
331 798 387 857 sed
416 799 506 859 etiam
534 819 590 877 pro
617 800 655 859 iis
679 799 831 876 Haeduos,
861 809 896 860 ut
925 821 981 861 sua
1010 803 1171 863 clementia

164 907 199 946 ac
221 883 455 945 mansuetudine
476 886 508 944 in
537 905 589 944 eos
611 893 723 946 utatur.
770 886 860 958 Quod
890 887 917 946 si
946 887 1064 965 fecerit,
1094 889 1167 949 Hae·

165 973 293 1032 duorum
326 971 538 1031 auct01itatem
571 971 653 1049 apud
691 991 796 1031 omnes
823 972 938 1050 Belgas
967 974 1166 1052 amplificatu-

164 1079 239 1133 rum,
274 1077 402 1133 quorum
434 1057 554 1117 auxiliis
588 1065 679 1133 atque
713 1058 832 1137 opibus,
867 1059 894 1118 si
928 1079 988 1135 qua
1015 1060 1097 1119 bella
1124 1061 1168 1119 in-

164 1144 301 1219 ciderint,
325 1149 497 1202 sustentare
521 1144 703 1204 consuerint.

248 1229 319 1288 XV.
376 1227 480 1288 Oaesar
512 1230 635 1288 honoris
674 1230 819 1290 Divitiaci
850 1239 940 1307 atque
980 1230 1169 1290 Haeduorum

164 1336 257 1376 causa
285 1334 354 1374 sese
384 1334 436 1374 eos
465 1315 497 1373 in
518 1314 609 1374 fidem
638 1323 832 1394 recepturum
860 1324 891 1376 et
919 1324 1169 1378 conservaturum

165 1403 255 1475 dixit3
292 1400 374 1477 quod
407 1408 473 1460 erat
506 1402 615 1461 civitas
654 1422 765 1480 magna
804 1403 885 1461 inter
917 1403 1033 1480 Belgas
1066 1410 1169 1463 aucto-

164 1489 254 1547 ritate
284 1493 374 1563 atque
403 1487 558 1545 hominum
585 1486 776 1547 multitudine
799 1490 976 1566 praestabat,
1008 1496 1170 1549 sexcentos

164 1573 286 1634 obsides
319 1573 470 1650 poposcit.
525 1573 584 1631 His
618 1573 739 1632 traditis
775 1575 975 1651 omnibusque
1010 1575 1102 1634 armis
1132 1596 1169 1635 ex

164 1660 273 1738 oppido
303 1659 432 1734 collatis,
467 1659 505 1717 ab
535 1679 570 1718 eo
599 1659 666 1718 loco
694 1659 726 1718 in
755 1658 832 1719 fines
854 1660 1073 1719 Ambianorum
1099 1681 1168 1739 per-

162 1746 255 1821 venit,
279 1745 388 1822 quise
412 1764 527 1820 suaque
551 1744 651 1804 omnia
673 1745 739 1804 sine
762 1765 847 1804 mora
869 1745 1060 1805 dediderunt.
1106 1747 1168 1806 Eo-

162 1853 229 1891 rum
250 1830 327 1891 fmes
349 1829 456 1891 Nervii
485 1826 688 1908 attingebant;
718 1851 846 1907 quorum
874 1832 912 1892 de
941 1839 1051 1891 natura
1076 1833 1167 1892 mori-

162 1919 280 1994 busque
304 1915 409 1976 Oaesar
432 1936 524 1992 quum
548 1924 713 1993 quaereret,
744 1917 788 1977 sic
819 1917 1007 1996 reperiebat:
1042 1918 1168 1980 Nullum

163 2004 277 2063 aditum
305 2022 374 2062 esse
403 2001 442 2060 ad
472 2022 524 2062 eos
553 2003 789 2078 mercatoribus3
820 2005 896 2063 nihil
923 2004 989 2083 pati
1011 2004 1075 2064 vini
1096 2006 1166 2067 reli-

163 2108 349 2171 quarumque
382 2108 484 2147 rerum
523 2089 562 2147 ad
605 2089 755 2149 luxuriam
799 2091 1017 2168 pertinentium
1050 2089 1167 2168 inferri,
1278 2084 1283 2097 '

163 2174 243 2252 quod
264 2175 302 2234 iis
324 2175 417 2233 rebus
438 2174 670 2251 relangvescere
693 2177 810 2235 animos
834 2184 865 2236 et
886 2176 1000 2236 remitti
1023 2176 1168 2236 virtutem
1216 2228 1219 2232 Α

163 2261 385 2334 existimarent;
421 2279 490 2320 esse
524 2261 661 2321 homines
694 2259 777 2321 leros
811 2281 992 2340 magnaeque
1025 2262 1165 2337 virtutis3

162 2347 343 2424 increpitare
367 2353 457 2421 atque
479 2346 619 2406 incusare
646 2347 779 2422 reliquos
808 2347 937 2424 Belgas,
973 2347 1025 2422 qui
1055 2366 1089 2406 se
1111 2368 1165 2425 po-

162 2434 233 2511 pulo
251 2432 390 2492 Romano
420 2431 610 2493 dedidissent
626 2432 817 2509 patriamque
844 2433 990 2493 virtutem
1017 2431 1166 2510 projecis-

46 2523 47 2527 ’
163 2526 245 2592 sent;
281 2516 460 2576 confirmare
493 2536 562 2576 sese
602 2536 701 2592 neque
729 2517 848 2594 legatos
886 2518 1035 2578 missuros
1068 2539 1168 2595 neque

161 2605 256 2663 ullam
278 2603 486 2662 condicionem
509 2603 594 2680 pacis
618 2610 807 2681 accepturos.

247 2689 336 2749 XVI.
382 2686 485 2760 Quum
503 2708 559 2766 per
581 2709 684 2748 eorum
706 2688 783 2749 fines
805 2689 940 2749 triduum
956 2691 1016 2750 iter
1031 2689 1167 2767 fecisset,

161 2776 336 2838 inveniebat
358 2795 395 2834 ex
419 2774 550 2853 captivis
573 2774 678 2834 Sabim
696 2773 808 2835 flumen
828 2777 865 2835 ab
890 2777 999 2836 castris
1022 2776 1088 2836 suis
1105 2797 1167 2836 non

163 2863 292 2942 amplius
314 2860 399 2920 milia
420 2879 568 2939 passuum
590 2860 696 2921 decem
724 2863 850 2936 abesse;
880 2870 965 2921 trans
995 2862 1028 2920 id
1055 2859 1167 2921 flumen

162 2967 267 3008 omnes
289 2945 421 3007 Nervios
445 2946 622 3006 consedisse
645 2947 870 3023 adventumque
891 2948 934 3006 ibi
955 2947 1164 3007 Romanorum

163 3040 324 3112 expectare
354 3053 415 3091 una
443 3052 511 3092 cum
538 3032 739 3092 Atrebatibus
768 3041 799 3092 ct
820 3033 1044 3094 Veromanduis
1077 3031 1167 3091 finiti-

161 3121 219 3179 mis
252 3119 317 3178 suis
350 3116 430 3190 (nam
457 3118 506 3177 his
527 3119 666 3194 utrisque
698 3127 929 3197 persuaserant,
963 3119 1008 3178 uti
1041 3117 1168 3178 eandem

161 3206 234 3265 belli
270 3203 424 3263 fortunam
463 3203 701 3282 experirentur);
743 3205 897 3283 expectari
930 3205 1022 3264 etiam
1057 3205 1095 3264 ab
1128 3204 1167 3264 iis

161 3291 390 3350 Aduatucorum
424 3290 528 3368 copias
562 3297 653 3366 atque
687 3310 757 3350 esse
790 3291 822 3350 in
854 3291 979 3366 itinere;
1013 3291 1165 3367 mulieres,

161 3377 272 3453 quique
305 3395 361 3453 per
395 3383 517 3435 aetatem
551 3376 590 3435 ad
616 3396 750 3454 pugnam
779 3376 903 3436 inutiles
925 3377 1112 3453 viderentur,
1135 3377 1167 3435 in

161 3482 230 3522 eum
261 3463 361 3521 locum
395 3460 573 3538 conjecisse,
608 3482 666 3538 quo
700 3469 826 3541 propter
853 3463 982 3540 paludes
1019 3462 1166 3523 exercitui

162 3549 263 3608 aditus
284 3567 345 3607 non
369 3554 460 3606 esset.

114 3690 118 3695 .
246 3633 352 3694 XVII.
402 3633 461 3693 His
489 3633 582 3692 rebus
613 3634 744 3711 cognitis
774 3634 982 3712 exploratores
1012 3632 1163 3692 centurio·

161 3739 276 3795 nesque
303 3719 479 3796 praemittit,
514 3719 566 3793 qui
593 3719 693 3778 locum
714 3719 858 3780 idoneum
886 3719 996 3779 castris
1020 3717 1164 3795 deligant.

162 3805 262 3877 Quum
284 3824 321 3863 ex
343 3804 493 3863 dediticiis
515 3804 622 3882 Belgis
650 3805 836 3882 reliquisque
865 3804 963 3864 Gallis
992 3803 1164 3881 complures

163 3890 321 3963 Caesarem,
343 3890 441 3950 secuti
473 3910 534 3948 una
566 3890 625 3950 iter
656 3890 803 3967 facerent,
837 3890 960 3968 quidam
988 3909 1025 3950 ex
1053 3889 1102 3965 iia,
1130 3896 1165 3948 ut

165 3984 273 4054 postea
295 3997 331 4036 ex
355 3976 485 4054 captivis
508 3976 661 4052 cognitum
684 3984 741 4054 est,
771 3997 875 4038 eorum
897 3977 1014 4036 dierum
1039 3994 1164 4038 consve-

953 4071 986 4126 3*
