2670 4456
204 260 265 318 146
521 248 574 302 nn
591 247 718 302 nunno
738 245 907 302 effluo

202 457 326 522 temque
366 464 399 504 se
442 444 588 518 consequi
621 444 753 503 videant.
810 443 868 501 His
903 443 1077 502 constitutis
1110 443 1207 502 rebus

201 532 331 592 Haeduis
366 529 612 606 Segusiavisque‚
648 530 700 604 qui
729 537 800 588 sunt
827 527 946 588 finitimi
973 529 1149 606 provinciae,
1172 528 1208 589 X

203 619 286 678 miha
308 616 442 695 peditum
466 616 611 693 imperat3
641 616 701 674 huc
730 615 815 674 addit
843 617 961 692 equites
982 614 1101 674 Doce.
1147 615 1209 674 His

202 702 332 783 praeficit
370 701 496 761 fratrem
517 700 735 780 Eporedorigis
768 701 941 777 bellumque
974 700 1087 761 inferre
1120 700 1207 760 Allo-

202 790 348 868 brogibus
367 787 465 865 jubet.
516 787 624 846 Altera
652 807 688 845 ex
716 795 803 865 parte
828 787 962 847 Gabalos
990 788 1208 865 proximosque

203 895 302 954 pagos
324 874 531 932 Arvernorum
547 874 579 931 in
590 873 728 948 Helvios,
751 873 825 931 item
835 874 974 933 Rutenos
988 872 1208 948 Cadurcosque

204 963 243 1022 ad
271 960 349 1020 fines
372 960 537 1019 Volcarum
565 959 814 1018 Arecomicorum
848 958 1077 1038 depopulandos
1100 959 1205 1018 mittit.

203 1048 305 1108 Nihilo
333 1047 432 1105 minus
461 1045 658 1104 clandestinis
686 1045 800 1104 nuntiis
827 1046 1091 1122 legationibusque
1118 1044 1206 1104 Allo-

202 1136 314 1211 brogas
338 1131 490 1205 sollicitat,
515 1152 642 1207 quorum
671 1139 788 1189 mentes
816 1131 950 1191 nondum
979 1132 1016 1190 ab
1047 1131 1205 1208 superiore

202 1221 282 1279 bello
306 1217 459 1278 resedisse
482 1217 634 1295 sperabat.
685 1217 803 1275 Horum
829 1217 1018 1295 principibus
1046 1217 1206 1295 pecunias,

204 1306 321 1366 civitati
343 1312 444 1362 autem
465 1302 624 1380 imperium
645 1303 739 1362 totius
762 1304 927 1380 provinciae
950 1303 1120 1381 pollicetur.

288 1390 386 1449 LXV.
431 1388 482 1446 Ad
504 1388 560 1446 hos
584 1408 688 1447 omnes
712 1409 801 1447 casus
831 1390 956 1466 provisa
983 1397 1070 1448 erant
1097 1389 1206 1466 praesi·

204 1477 254 1536 dia
283 1475 451 1535 cohortium
479 1473 606 1532 duarum
634 1481 664 1533 et
691 1475 809 1551 viginti,
844 1496 912 1551 quae
942 1495 979 1534 ex
1007 1475 1075 1553 ipsa
1098 1482 1206 1534 coacta

204 1562 361 1642 provincia
383 1561 421 1619 ab
444 1561 480 1618 L.
506 1559 628 1619 Caesare
650 1561 750 1637 legato
774 1561 813 1619 ad
844 1581 947 1620 omnes
975 1568 1080 1639 partes
1109 1581 1203 1638 oppo-

127 1691 131 1696 -
204 1650 363 1707 nebantur.
408 1646 512 1705 Helvii
537 1665 593 1705 sua
616 1653 725 1724 sponte
749 1667 817 1706 cum
839 1646 974 1706 finitimis
996 1648 1102 1725 proelio
1133 1666 1203 1704 con—

203 1734 302 1812 gressi
325 1733 480 1811 pelluntur
503 1739 533 1790 et
557 1732 593 1791 G.
618 1733 740 1791 Valerio
763 1734 971 1809 Donnotauro‚
997 1733 1107 1792 Caburi
1130 1731 1202 1808 filio,

203 1820 339 1897 principe
369 1818 512 1891 civitatis
536 1818 800 1896 compluribusque
829 1819 896 1878 aliis
923 1818 1094 1878 interfectis
1123 1819 1204 1878 intra

204 1905 315 1983 oppida
336 1923 500 1979 murosque
524 1904 753 1980 compelluntur.
806 1905 990 1982 Allobroges
1019 1904 1135 1964 crebris
1165 1904 1205 1963 ad
1251 1942 1253 1947 ·

203 1990 385 2050 Rhodanum
409 1989 565 2065 dispositis
587 1990 739 2066 praesidiis
762 2012 872 2067 magna
895 2011 960 2050 cum
986 2010 1058 2050 cura
1081 1997 1112 2048 et
1135 1989 1203 2049 dili-

203 2075 307 2154 gentia
329 2094 401 2134 suos
424 2073 500 2133 fines
523 2081 656 2132 tuentur.
703 2075 807 2135 Caesar
830 2076 911 2152 quod
932 2077 1038 2136 hostes
1069 2076 1206 2152 equitatu
1234 2117 1239 2126 ·

205 2161 379 2241 superiores
403 2179 471 2219 esse
494 2160 685 2237 intelligebat
708 2169 739 2219 et
759 2163 934 2221 interclusis
954 2163 1094 2221 omnibus
1116 2162 1205 2221 itine-

201 2250 286 2308 ribus
308 2246 391 2305 nulla
413 2266 446 2305 re
470 2266 506 2305 ex
528 2247 685 2323 provincia
708 2255 798 2323 atque
821 2249 913 2307 ltalia
943 2248 1098 2308 sublevari
1120 2255 1209 2324 pote·

204 2342 261 2408 rat,
286 2342 371 2393 trans
383 2332 523 2391 Rhenum
545 2332 576 2390 in
600 2332 793 2392 Germaniam
816 2335 909 2393 mittit
926 2335 965 2393 ad
984 2353 1035 2393 eas
1054 2333 1206 2408 civitates,

206 2439 282 2496 quas
317 2419 524 2496 superioribus
559 2420 644 2477 annis
677 2428 852 2497 pacaverat,
887 2421 1065 2496 equitesque
1101 2421 1139 2478 ab
1169 2420 1208 2478 iis

205 2507 333 2565 arcessit
356 2512 386 2563 et
408 2505 485 2564 levis
508 2511 668 2563 armaturae
708 2505 838 2582 pedites,
869 2507 919 2581 qui
941 2507 1020 2565 inter
1049 2525 1102 2564 eos
1125 2525 1205 2582 proe-

205 2593 273 2650 liari
297 2596 488 2650 consverant.
533 2590 647 2648 Eorum
676 2591 827 2666 adventu,
857 2592 939 2667 quod
966 2592 1065 2650 minus
1088 2590 1208 2650 idoneis

205 2677 290 2752 equis
312 2676 486 2749 utebantur,
511 2696 529 2733 a
550 2676 681 2735 tribunis
705 2677 832 2735 militum
860 2678 1046 2753 reliquisque
1076 2674 1142 2749 [sed
1166 2674 1207 2749 et}

205 2763 357 2838 equitibus
391 2760 538 2818 Romanis
574 2758 674 2837 [atque
699 2761 842 2835 evocatis]
878 2783 972 2838 equos
1007 2763 1100 2821 sumit
1132 2762 1206 2822 Ger-

206 2848 364 2922 manisque
388 2846 551 2904 distribuit.

290 2933 406 2992 LXVI.
452 2931 584 3007 Interea,
609 2932 680 2991 dum
693 2934 758 2992 haec
776 2942 932 3011 geruntur,
956 2934 1088 2994 hostium
1112 2935 1211 3012 copiae

206 3041 243 3079 ex
264 3019 411 3078 Arvernis
435 3017 623 3094 equitesque,
648 3020 700 3093 qui
722 3020 779 3078 toti
802 3020 910 3079 Galliae
940 3029 1026 3079 erant
1054 3021 1206 3098 imperati,

207 3106 398 3166 conveniunt.
444 3105 556 3180 Magno
579 3104 686 3162 horum
709 3112 814 3164 coacto
836 3126 961 3165 numero
985 3126 1078 3181 quum
1103 3104 1209 3164 Caesar

204 3193 235 3249 in
260 3191 417 3266 Sequanos
440 3210 496 3267 per
519 3197 670 3249 extremos
693 3191 865 3267 Lingonum
887 3191 963 3251 fines
993 3193 1051 3252 iter
1081 3190 1207 3266 faceret,

208 3297 267 3352 qno
291 3276 413 3334 facilius
442 3276 612 3335 subsidium
639 3277 803 3353 provinciae
834 3276 908 3337 ferri
935 3286 1055 3355 posset,
1087 3277 1209 3336 circiter

206 3363 291 3420 milia
313 3362 501 3439 passuumX
525 3362 562 3419 ab
585 3361 731 3420 Romanis
743 3363 831 3422 trinis
845 3365 954 3423 castris
974 3363 1208 3440 Vercingetorix

208 3448 355 3522 consedit,
379 3448 615 3522 convocatisque
638 3447 677 3505 ad
700 3448 860 3507 concilium
887 3449 1044 3527 praefectis
1074 3449 1208 3524 equitum

209 3535 331 3593 venisse
353 3540 472 3609 tempus
496 3533 632 3592 victoriae
656 3533 857 3610 demonstrat;
887 3535 994 3613 fugere
1024 3537 1055 3594 in
1084 3536 1207 3613 provin-

208 3621 285 3678 ciam
306 3620 461 3677 Romanos
475 3618 634 3694 Galliaque
658 3620 818 3695 excedere;
842 3621 874 3680 id
892 3622 950 3680 sibi
969 3621 1008 3680 ad
1025 3628 1209 3699 praesentem

209 3705 402 3765 obtinendam
435 3704 606 3763 libertatem
641 3705 716 3763 satis
751 3726 828 3777 esse,
865 3707 904 3766 ad
931 3708 1040 3783 reliqui
1062 3706 1208 3784 temporis

208 3811 314 3870 pacem
327 3798 417 3866 atque
441 3790 533 3848 otium
546 3810 653 3867 parum
670 3790 790 3868 profici;
814 3793 981 3870 majoribus
996 3793 1074 3853 enim
1093 3792 1208 3852 coactis

209 3878 303 3954 copiis
316 3895 494 3937 reversuros
511 3896 609 3951 neque
627 3874 718 3934 finem
734 3877 868 3937 bellandi
886 3877 1030 3938 facturos.
1076 3877 1209 3937 Proinde

206 3964 239 4021 in
262 3963 380 4040 agmine
408 3961 570 4039 impeditos
600 3961 783 4021 adoriantur.
831 3963 862 4023 si
891 3965 1011 4043 pedites
1035 3965 1099 4024 suis
1124 3963 1209 4022 auxi·
