2670 4456
561 1008 721 1088 LIBBR
751 1006 800 1089 Il.

136 1238 138 1243 ’
164 1157 274 1273 Quum
305 1222 388 1274 esset
412 1214 516 1274 Caesar
543 1215 575 1274 in
604 1215 742 1275 citeriore
766 1214 865 1275 Gallia
897 1212 937 1288 [in
959 1214 1116 1292 hibernisl,
1151 1217 1196 1277 ita
1306 1230 1312 1242 '

162 1303 208 1361 uti
240 1320 332 1378 supra
366 1301 649 1376 demonstravimus
687 1301 785 1360 crebri
820 1301 858 1360 ad
887 1322 954 1360 eum
984 1322 1121 1362 rumores
1150 1302 1195 1361 af-

162 1388 339 1448 ferebantur
371 1387 541 1463 litterisque
575 1388 647 1447 item
677 1387 805 1446 Labieni
833 1388 944 1446 certior
975 1386 1069 1447 fiebat
1092 1409 1195 1448 omnes

165 1474 293 1550 Belgae,
335 1493 424 1548 quam
457 1474 578 1533 tertiam
613 1492 682 1533 esse
717 1472 824 1532 Galliae
858 1479 977 1551 partem
1013 1473 1194 1551 dixeramus,

164 1566 269 1620 centra
305 1559 450 1636 populum
482 1559 653 1619 Romanum
693 1559 852 1634 conjurare
893 1559 1077 1635 obsidesque
1117 1561 1196 1620 inter

163 1666 196 1705 se
231 1645 318 1718 dare,
360 1645 538 1721 conjurandi
570 1645 626 1703 has
662 1664 731 1704 esse
765 1664 890 1704 causas:
933 1645 1079 1722 primurn,
1115 1646 1196 1721 quod

162 1737 353 1806 vererentur,
394 1751 433 1789 ne
472 1731 552 1790 omni
591 1739 700 1808 pacata
734 1730 833 1789 Gallia
872 1730 911 1789 ad
952 1750 1004 1789 eos
1044 1732 1195 1790 exercitus

162 1824 266 1876 noster
300 1816 515 1890 adduceretur;
557 1817 682 1892 deinde,
724 1816 805 1891 quod
839 1817 876 1875 ab
910 1816 1063 1875 nonnullis
1098 1817 1195 1876 Gallis

165 1902 410 1977 sollicitarentur,
440 1903 550 1980 partim
574 1903 634 1978 qui,
667 1909 702 1962 ut
725 1903 893 1961 Germanos
922 1901 1036 1961 diutius
1064 1903 1095 1961 in
1124 1902 1196 1962 Gal·
1277 1945 1279 1948 -

163 1989 204 2048 lia
231 1989 347 2048 versari
374 1989 542 2064 noluerant,
577 1989 620 2047 ita
647 1989 751 2066 populi
778 1989 909 2047 Romani
938 1989 1104 2047 exercitum
1133 1989 1196 2048 hie·
1304 2031 1305 2034 η

162 2094 244 2134 mare
284 2081 374 2149 atque
413 2075 637 2134 inveterascere
676 2076 707 2133 in
742 2074 843 2133 Gallia
875 2075 1003 2133 moleste
1037 2073 1194 2146 serebant;

162 2161 272 2239 partim
306 2160 357 2235 qui
389 2161 557 2220 mobilitate
591 2168 622 2219 et
654 2161 778 2221 levitate
813 2160 904 2219 animi
937 2160 1025 2220 novis
1059 2160 1195 2238 imperiis

164 2246 329 2306 studebant
336 2267 342 2320 ;
378 2247 416 2304 ab
444 2247 597 2306 nonnullis
628 2247 727 2321 etiam,
759 2246 841 2322 quod
868 2246 900 2304 in
924 2245 1025 2304 Gallia
1047 2267 1064 2304 a
1086 2253 1194 2323 poten-

161 2333 288 2392 tioribus
322 2339 413 2407 atque
446 2333 493 2407 iis,
529 2333 581 2407 qui
615 2332 653 2390 ad
682 2330 894 2390 conducendos
929 2331 1067 2389 homines
1101 2329 1195 2390 facul-

162 2425 241 2478 tates
274 2420 444 2493 habebant,
486 2418 578 2494 vulgo
612 2438 706 2493 regna
740 2417 976 2494 occupabantur,
1012 2416 1063 2492 qui
1095 2417 1195 2475 minus
1266 2427 1273 2435 ''

164 2503 253 2563 facile
276 2526 343 2564 eam
364 2524 427 2563 rem
450 2505 482 2562 in
503 2503 629 2580 imperio
652 2509 756 2561 nostro
780 2502 925 2577 consequi
946 2508 1097 2579 poterant.

247 2591 291 2649 H.
336 2590 395 2649 His
428 2589 542 2648 nuntiis
575 2589 745 2664 litterisque
781 2594 946 2647 commotus
977 2586 1082 2646 Caesar
1119 2588 1195 2647 duas

164 2676 298 2753 legiones
337 2676 369 2734 in
403 2676 542 2735 citeriore
576 2675 677 2734 Galba
710 2693 806 2735 novas
841 2674 1025 2752 conscripsit
1059 2680 1089 2732 et
1121 2675 1196 2733 inita

163 2769 279 2838 aestate,
309 2762 341 2821 in
368 2763 542 2820 interiorem
566 2761 696 2820 Galliam
724 2761 775 2836 qui
798 2759 971 2834 deduceret,
1010 2759 1045 2830 Q.
1069 2760 1197 2818 Pedium

163 2848 296 2925 legatum
328 2848 419 2906 misit.
475 2848 559 2926 Ipse,
595 2868 687 2924 quum
720 2847 849 2924 primum
877 2846 981 2924 pabuli
1012 2846 1100 2923 copia
1128 2865 1197 2905 esse
1258 2857 1260 2861 '

161 2933 318 3011 inciperet,
353 2933 392 2992 ad
420 2934 585 2992 exercitum
620 2934 717 3007 venit,
753 2931 806 2990 dat
837 2933 994 3009 negotium
1026 2930 1196 2990 Senonibus

162 3019 346 3096 reliquisque
371 3019 478 3095 Gallis,
514 3019 566 3094 qui
587 3017 706 3077 finitimi
727 3018 833 3095 Belgis
857 3023 952 3092 erant,
982 3017 1027 3075 uti
1051 3036 1096 3091 ea,
1127 3037 1195 3091 quae

164 3105 246 3183 apud
274 3124 325 3165 eos
353 3112 507 3182 gerantur,
543 3110 729 3181 cognoscant
757 3123 851 3178 seque
881 3103 919 3162 de
948 3102 985 3161 iis
1015 3103 1107 3161 rebus
1131 3122 1195 3161 cer-

163 3191 270 3250 tiorem
320 3189 442 3250 iaciant.
515 3191 557 3249 Hi
607 3196 782 3250 constanter
826 3209 930 3248 omnes
981 3188 1198 3248 nuntiaverrmt

162 3297 269 3336 manus
304 3277 380 3354 cogi,
416 3277 582 3336 exercitum
615 3277 647 3335 in
679 3296 771 3334 unum
799 3276 899 3334 locum
929 3273 1066 3333 conduci.
1118 3274 1195 3332 'lum

161 3383 234 3423 vero
268 3363 467 3421 dubitandum
481 3383 559 3425 ,non
593 3361 786 3436 existimavit,
822 3361 894 3436 quin
927 3359 967 3419 ad
997 3379 1049 3419 eos
1076 3358 1195 3438 profici·

162 3455 308 3508 sacretur.
364 3449 411 3507 Be
440 3447 636 3508 frumentaria
665 3453 840 3524 comparata
869 3453 971 3505 castra
1001 3453 1104 3505 movet
1133 3445 1195 3504 die·

164 3534 281 3610 busque
305 3534 424 3593 circiter
447 3534 618 3611 quindecim
640 3532 777 3592 adfines
800 3533 966 3609 Belgarum
990 3531 1139 3609 pervenit.

246 3620 310 3681 111.
366 3620 413 3679 Eo
442 3641 535 3695 quum
565 3619 602 3679 de
624 3619 788 3697 improviso
813 3619 1005 3694 celeriusque
1029 3616 1110 3676 omni
1132 3615 1195 3692 opi-

161 3705 250 3765 nione
282 3705 432 3780 venisset,
472 3705 577 3779 Remi,
619 3706 670 3781 qui
709 3704 839 3782 proximi
872 3703 981 3763 Galbae
1017 3722 1056 3760 ex
1088 3701 1195 3777 Belgis

163 3797 243 3867 sunt,
273 3791 313 3850 ad
335 3812 402 3851 eum
423 3791 542 3867 legatos
565 3791 681 3850 Iccium
703 3797 734 3849 et
754 3789 1047 3863 Andocumborium,
1081 3787 1196 3865 primos
1294 3853 1296 3855 q

163 3877 311 3954 civitatis,
345 3877 507 3952 miserunt,
548 3877 600 3952 qui
638 3876 773 3936 dicerent
814 3895 848 3935 se
881 3894 996 3950 suaque
1034 3873 1133 3932 omnia
1164 3872 1197 3932 in

163 3960 253 4022 fidem
291 3970 382 4039 atque
421 3963 453 4023 in
488 3969 672 4041 potestatem
703 3962 809 4039 populi
841 3960 972 4020 Romani
1008 3959 1194 4037 permittere,
