2670 4456
149 244 152 251 *
205 248 265 313 152
518 245 571 299 nn
588 242 715 300 00000
735 243 912 299 omniuo,

203 464 283 503 mam
306 442 482 502 servitutem
505 441 667 500 deditionis
689 439 809 498 nomine
832 439 996 518 appellant,
1013 454 1124 515 'neque
1147 440 1208 500 hos

203 528 360 589 habendos
384 527 494 587 civium
527 528 594 586 loco
627 545 726 602 00000
760 525 798 584 ad
828 525 986 585 consilium
1014 524 1207 587 adhibendos

206 634 325 674 censeo.
372 611 447 671 Cum
469 613 507 671 iis
528 613 601 671 milri
624 632 674 671 res
697 612 747 688 sit,
771 613 822 686 qui
851 612 1040 690 eruptionem
1061 613 1206 688 probant,

205 720 332 776 quorum
354 699 385 758 in
408 699 533 758 consilio
562 699 694 757 omnium
722 705 859 758 vestrum
886 715 1037 758 consensu
1064 697 1207 776 pristinae

204 785 339 845 residere
361 785 485 845 virtutis
514 785 657 844 memoria
687 782 816 843 videtur.
845 783 948 842 Animi
978 791 1026 842 est
1041 783 1102 842 ista
1130 786 1209 843 mol-

205 872 279 947 litia,
318 891 379 930 non
407 871 519 946 virtus,
555 870 710 949 paulisper
743 870 875 947 inopiam
903 869 983 929 ferre
1011 890 1072 928 non
1100 890 1207 947 posse.

204 958 264 1029 Qui
287 956 422 1016 scultro
445 957 534 1015 morti
557 955 697 1030 offerant,
725 954 848 1014 facilius
876 957 1083 1033 reperiuntur,
1112 976 1208 1032 quam

205 1044 257 1119 qui
290 1042 424 1101 dolorem
457 1043 609 1120 patienter
641 1041 750 1101 ferant.
807 1042 910 1117 Atque
943 1062 999 1118 ego
1026 1041 1106 1100 hanc
1136 1061 1208 1101 sen-

204 1129 329 1188 tentiam
351 1129 512 1205 probarem
535 1127 664 1199 (tantum
687 1127 767 1204 apud
795 1147 843 1186 me
867 1127 1000 1204 dignitas
1028 1127 1153 1204 potest),
1179 1130 1208 1188 si

204 1215 318 1274 nullam
340 1221 544 1292 praeterquam
565 1215 636 1273 vitae
659 1220 772 1271 nostrae
792 1213 944 1290 jacturam
965 1212 1030 1272 fieri
1052 1213 1207 1291 viderem3

204 1300 313 1360 sedin
347 1300 471 1358 consilio
506 1299 653 1377 capiendo
687 1319 805 1357 onmem
829 1298 959 1358 Galliam
993 1299 1207 1379 respiciamus,

205 1407 295 1462 quam
318 1386 356 1444 ad
384 1392 521 1444 nostrum
549 1385 691 1444 auxilium
720 1385 947 1445 concitavimus.
1000 1385 1081 1456 Quid
1108 1386 1208 1445 homi·
1312 1430 1316 1435 -

205 1492 278 1530 num
310 1471 432 1529 milibus
465 1470 591 1529 LXXX
629 1491 687 1529 000
720 1471 788 1529 1000
821 1471 991 1530 interfectis
1024 1471 1209 1548 propinquis

205 1557 496 1634 consanguineisque
518 1556 631 1615 nostris
654 1557 744 1615 animi
766 1556 831 1615 fore
854 1557 1043 1631 existimatis,
1068 1559 1094 1616 si
1115 1578 1209 1635 paene

204 1643 236 1701 in
264 1643 340 1721 ipsis
369 1642 569 1702 cadaveribus
597 1643 703 1720 proelio
734 1642 890 1701 decertare
920 1643 1088 1720 cogentur?
1140 1644 1206 1703 No-

204 1729 257 1788 lite
289 1730 346 1788 hos
378 1736 482 1789 vestro
516 1729 628 1788 auxilio
658 1729 821 1806 expoliare,
857 1729 908 1804 qui
942 1736 1055 1788 vestrae
1090 1730 1203 1790 salutis

205 1834 297 1874 causa
319 1835 406 1874 00000
429 1815 596 1893 periculum
619 1815 827 1891 neglexerunt,
851 1835 907 1874 neo
935 1815 1066 1874 stultitia
1094 1835 1131 1874 ac
1160 1823 1210 1875 te-

204 1901 342 1959 meritate
366 1908 469 1961 vestra
497 1908 550 1959 aut
578 1901 667 1959 animi
695 1900 901 1960 imbecillitate
931 1921 1048 1959 omnem
1072 1901 1209 1961 Galliam
1292 1917 1295 1925 '

205 1993 398 2064 prosternere
434 1995 464 2045 et
490 1993 646 2063 perpetuae
676 1987 814 2047 servituti
844 1986 994 2046 addicere.
1039 1987 1100 2063 An,
1124 1988 1210 2063 quod

206 2069 245 2129 ad
267 2071 346 2130 (11000
367 2092 428 2129 000
450 2079 606 2146 00000001,
630 2071 668 2129 de
691 2092 795 2131 eorum
806 2071 866 2132 fide
884 2072 1132 2147 coonstantiaque
1151 2073 1209 2131 du-

204 2157 329 2216 bitatis?
366 2157 445 2229 Quid
467 2157 558 2234 ergo?
589 2158 742 2216 Romanos
764 2158 796 2216 in
823 2157 884 2216 11110
913 2159 1107 2218 ulterioribus
1139 2180 1207 2218 mn-

200 2244 365 2302 nitionibus
389 2244 518 2302 animine
542 2263 635 2302 cansa
663 2243 797 2319 quotidie
831 2244 967 2303 exerceri
994 2244 1133 2322 putatis?
1172 2245 1207 2304 si
1317 2263 1320 2269 ·

200 2329 320 2389 illorum
342 2330 456 2388 nuntiis
479 2328 648 2389 confirmari
671 2350 732 2388 non
754 2331 883 2407 potestis
906 2330 986 2389 omni
1010 2330 1093 2388 aditu
1124 2350 1208 2408 prae-

202 2422 308 2493 000010,
343 2416 390 2474 1010
423 2416 541 2474 utimini
575 2416 705 2475 testibus
740 2417 982 2493 appropinquare
1016 2436 1120 2475 eorum
1151 2417 1208 2476 ad·

200 2509 335 2576 ventum,
371 2501 458 2578 cujus
492 2502 536 2561 rei
569 2503 676 2560 timore
705 2502 840 2560 exterriti
869 2501 948 2560 diem
969 2508 1150 2577 noctemque
1173 2504 1209 2562 in

203 2606 294 2664 opere
317 2595 487 2647 versantur.
534 2587 614 2657 Quid
638 2607 709 2664 ergo
732 2588 790 2646 mei
809 2588 927 2646 consilii
951 2587 1018 2647 est?
1073 2587 1205 2664 Facere,

202 2671 282 2746 quod
304 2673 402 2731 nostri
422 2671 553 2749 majores
587 2693 778 2749 nequaquam
810 2674 876 2750 pari
903 2674 983 2733 bello
1013 2672 1206 2733 Cimbrorum

201 2757 432 2832 Teutonumque
460 2757 609 2832 fecerunt,
640 2759 690 2833 001
719 2759 750 2817 10
781 2759 892 2836 oppida
921 2759 1068 2837 compulsi
1096 2779 1134 2818 ac
1163 2760 1207 2819 si-

202 2841 266 2900 mili
298 2842 400 2920 inopia
434 2844 553 2903 subacti
587 2864 690 2902 eorum
724 2845 916 2922 corporibus,
952 2846 1003 2921 qui
1038 2852 1129 2904 aetate
1164 2847 1206 2905 ad

201 2928 314 2986 bellum
335 2929 458 2988 inutiles
481 2929 672 3004 videbantur,
695 2930 789 2989 vitam
812 2931 1018 2991 toleraverunt
1045 2951 1145 3006 neque
1169 2952 1205 2992 se

201 3014 341 3073 hostibus
364 3015 564 3074 tradiderunt.
622 3014 717 3092 Cujus
745 3017 789 3074 001
812 3018 839 3074 01
869 3018 1038 3095 exemplum
1065 3037 1126 3075 non
1149 3019 1205 3076 ha-

199 3099 350 3174 beremus,
363 3108 465 3160 tamen
486 3101 637 3160 libertatis
652 3121 745 3160 causa
767 3103 884 3160 institui
907 3112 937 3162 et
959 3103 1091 3180 posteris
1113 3104 1205 3180 prodi

200 3184 433 3262 pulcherrimum
457 3186 637 3263 judicarem.
688 3187 768 3246 Nam
806 3189 878 3263 qnid
910 3189 955 3247 illi
988 3188 1085 3248 simile
1119 3189 1203 3248 bello

200 3269 278 3328 tuit?
317 3270 511 3349 Depopulata
540 3273 640 3332 Gallia
669 3272 782 3331 Cimbri
810 3293 980 3351 magnaque
1007 3275 1093 3333 illata
1121 3276 1203 3334 cala-

200 3355 305 3415 mitate
332 3355 443 3416 finibus
468 3358 589 3433 quidem
612 3359 725 3418 nostris
749 3360 912 3434 aliqnando
936 3367 1134 3419 excessemmt
1157 3370 1205 3419 at-

202 3461 260 3517 que
284 3442 359 3500 alias
381 3450 479 3502 terras
507 3445 675 3522 petierimt;
703 3445 785 3521 jura,
814 3445 908 3523 leges,
944 3466 1043 3523 agros,
1076 3446 1206 3506 liberta·

200 3533 261 3586 tem
283 3529 370 3587 nobis
393 3529 595 3604 reliquerunt;
630 3531 759 3590 Romani
786 3551 859 3590 vero
888 3532 961 3608 quid
988 3539 1096 3609 petunt
1118 3532 1204 3591 alind

201 3621 253 3671 aut
276 3613 349 3690 quid
371 3614 486 3690 volunt,
509 3616 569 3675 nisi
590 3616 706 3676 invidia
723 3616 856 3692 adducti,
881 3638 956 3693 quos
979 3616 1060 3676 fama
1081 3618 1205 3678 nobiles

199 3706 400 3776 potentesque
422 3701 503 3759 bello
527 3710 743 3779 cognoverim,
777 3702 884 3761 horum
917 3705 949 3762 in
981 3703 1064 3780 agris
1092 3703 1201 3763 civita-

198 3785 343 3860 tibusque
367 3786 525 3846 considere
549 3796 640 3863 atque
669 3787 716 3846 his
746 3795 891 3847 aeternam
918 3788 1077 3867 injungere
1105 3790 1202 3849 servi-

198 3871 314 3930 tutem?
359 3871 466 3948 Neque
490 3874 568 3932 enim
590 3892 723 3947 unquam
746 3874 805 3932 alia
829 3875 1004 3934 condicione
1026 3874 1108 3933 bella
1129 3894 1202 3952 ges-

199 3964 312 4015 senmt.
366 3957 455 4028 Quod
483 3960 508 4018 si
538 3980 583 4035 ea,
608 3978 675 4034 0000
702 3959 733 4018 10
755 3960 928 4036 longinquis
952 3960 1125 4020 nationibns
1148 3981 1204 4039 ge-
