2670 4456
163 255 205 312 34
474 245 527 298 DE
545 243 672 299 BELLO
692 244 861 300 GALLIGO

161 447 279 516 nerent,
302 441 429 519 priores,
453 441 535 517 quod
557 441 666 500 abesse
694 462 712 500 a
733 441 868 518 periculo
897 439 1082 515 viderentur,
1111 461 1163 500 ne-

164 547 224 604 que
251 527 315 586 ulla
335 527 519 586 necessitate
551 546 650 602 neque
682 527 808 604 imperio
841 526 1077 601 continerentur,
1112 547 1163 586 ex-

164 613 267 673 audito
302 614 432 672 clamore
465 612 653 690 perturbatis
692 612 848 671 ordinibus
882 631 984 671 omnes
1024 612 1056 670 in
1088 612 1164 691 fuga

164 699 223 758 sibi
244 698 421 777 praesidium
442 705 599 776 ponerent.
655 698 707 757 Ita
740 699 806 757 sine
838 699 900 757 ullo
930 698 1066 776 periculo
1095 706 1163 758 tan-

162 793 226 844 tam
249 805 353 844 eorum
374 784 599 843 multitudinem
628 785 725 843 nostri
746 783 980 859 interfecerunt,
1016 792 1163 859 quantum

163 870 221 930 fuit
244 870 305 929 diei
327 871 469 949 spatium,
493 871 550 929 sub
574 889 774 946 occasumque
803 870 876 930 solis
905 869 1088 929 destiterunt
1116 891 1163 930 se·

164 977 223 1033 que
244 956 276 1015 in
298 963 408 1032 castra,
432 963 467 1014 ut
489 963 556 1015 erat
576 956 767 1034 imperatum,
790 962 981 1034 receperunt.

250 1042 327 1102 XII.
383 1041 536 1101 Postridie
570 1041 637 1118 ejus
671 1041 731 1100 diei
765 1041 882 1118 Caesar,
917 1041 1095 1119 priusquam
1129 1063 1164 1101 se

163 1129 268 1188 hostes
291 1148 329 1187 ex
350 1135 466 1187 terrore
489 1147 524 1186 ac
546 1126 620 1204 fuga
641 1128 825 1206 reciperent,
858 1129 889 1185 in
917 1125 994 1186 fines
1024 1127 1162 1187 Suessio-

163 1210 258 1290 num,
287 1214 339 1290 qui
370 1213 499 1291 proximi
532 1213 638 1272 Remis
672 1220 773 1287 erant,
813 1213 979 1272 exercitum
1013 1213 1100 1272 duxit
1133 1221 1164 1273 et

163 1320 272 1378 magno
295 1300 403 1359 itinere
426 1298 466 1357 ad
499 1299 643 1377 oppidum
671 1298 886 1359 Noviodunum
916 1298 1080 1358 contendit.
1125 1299 1165 1358 Id
1251 1344 1256 1347 »

164 1406 201 1445 ex
233 1386 341 1445 itiuere
374 1404 550 1463 oppugnare
584 1391 726 1461 conatus,
763 1384 844 1461 quod
876 1404 1006 1446 vacuum
1039 1387 1077 1444 ab
1112 1385 1163 1445 de-

164 1471 337 1530 fensoribus
360 1490 428 1530 esse
451 1470 602 1546 audiebat,
626 1477 751 1548 propter
773 1471 965 1530 latitudinem
986 1468 1079 1529 fossae
1098 1492 1163 1529 mu-

163 1558 250 1633 rique
283 1556 474 1616 altitudinem
501 1556 608 1634 paucis
638 1555 872 1616 defendentibus
901 1576 1075 1632 expugnare
1103 1577 1164 1616 non

161 1643 270 1721 potuit.
328 1641 445 1702 Castris
478 1642 603 1701 munitis
632 1643 738 1702 vineas
762 1661 868 1721 agere,
898 1660 1026 1718 quaeque
1049 1641 1088 1700 ad
1111 1663 1165 1720 op-

162 1728 361 1807 pugnandum
382 1728 452 1788 usui
474 1735 570 1804 erant,
594 1748 769 1806 comparare
797 1728 898 1806 eoepit.
949 1727 1077 1786 Interim
1100 1749 1162 1787 om-

163 1815 211 1874 nis
236 1824 272 1874 ex
294 1813 368 1891 fuga
391 1813 588 1873 Suessionum
609 1813 771 1872 multitudo
793 1814 825 1872 in
853 1813 997 1891 oppidum
1027 1815 1165 1890 proxima

163 1908 253 1959 nocte
287 1900 437 1960 convenit.
505 1899 651 1959 Celeriter
683 1899 781 1959 vineis
820 1899 859 1958 ad
893 1898 1036 1977 oppidum
1076 1900 1163 1974 actis,
1237 1974 1241 1983 ἱ

165 2005 276 2063 aggere
295 1985 380 2061 jacto
410 1985 607 2060 turribusque
635 1985 825 2060 constitutis,
854 1984 1063 2062 magnitudino
1092 2005 1164 2063 ope·

162 2091 239 2142 rum,
264 2090 331 2147 quae
363 2091 462 2147 neque
495 2071 635 2131 viderant
666 2077 737 2130 ante
766 2070 846 2130 Galli
873 2090 972 2147 neque
995 2070 1163 2144 audierant,

165 2165 195 2216 et
224 2157 379 2216 celeritate
407 2156 614 2215 Romanorum
640 2156 770 2234 permoti
797 2156 915 2233 legatos
944 2156 983 2215 ad
1012 2155 1165 2216 Caesarem

164 2242 202 2301 de
225 2242 378 2301 deditione
399 2242 524 2301 mittunt
547 2249 577 2301 et
599 2242 774 2320 petentibus
796 2242 911 2317 Remis,
941 2251 976 2301 ut
1004 2262 1165 2303 conserva-

163 2335 278 2404 rentur,
301 2329 475 2406 impetrant.

248 2414 344 2474 XIII.
381 2413 484 2473 Caesar
507 2413 663 2472 obsidibus
686 2413 822 2491 acceptis
838 2414 944 2491 primis
964 2413 1097 2472 civitatis
1121 2420 1165 2472 at·

165 2521 224 2576 que
245 2501 342 2579 ipsius
366 2500 472 2560 Galbae
495 2500 576 2576 regIs
600 2499 718 2558 duobus
740 2498 811 2558 filiis
841 2500 992 2576 armisque
1024 2499 1165 2557 omnibus

165 2606 204 2644 ex
237 2585 347 2664 oppido
385 2585 507 2644 traditis
539 2586 571 2643 in
611 2584 795 2644 deditionem
835 2584 1014 2645 Suessiones
1048 2585 1167 2662 accepit

164 2672 389 2746 exercitumque
411 2671 442 2728 in
469 2670 650 2730 Bellovacos
679 2671 771 2729 ducit.
824 2669 884 2741 Qui
912 2690 1005 2746 quum
1033 2689 1066 2728 se
1096 2689 1165 2729 sua-

166 2777 225 2832 que
255 2756 353 2815 omnia
379 2757 412 2814 in
440 2755 585 2833 oppidum
611 2755 864 2833 Bratuspantium
892 2756 1092 2815 contulissent
1120 2763 1165 2815 at·
1196 2818 1216 2825 Α,

165 2862 224 2916 que
257 2843 294 2901 ab
330 2861 365 2900 eo
399 2841 511 2919 oppido
535 2840 639 2900 Caesar
672 2861 739 2899 cum
770 2841 905 2900 exercitu
934 2841 1054 2901 circiter
1081 2842 1165 2900 milia

164 2947 310 3006 passuum
332 2927 464 3004 quinque
488 2928 619 3003 abesset,
649 2946 753 2986 omnes
783 2926 915 3004 majores
942 2934 1016 2986 natu
1046 2947 1082 2986 ex
1113 2949 1165 3005 op·

164 3013 235 3092 pido
259 3013 375 3090 egressi
397 3032 505 3072 manus
527 3012 567 3072 ad
590 3011 742 3072 Gaesarem
764 3013 890 3072 tendere
920 3020 950 3072 et
972 3033 1048 3073 voce
1071 3013 1165 3091 signi-

164 3098 257 3158 ficare
280 3105 437 3178 coeperunt
465 3118 534 3157 sese
562 3099 594 3156 in
623 3098 689 3175 ejus
718 3097 809 3158 fidem
837 3119 872 3158 ac
900 3107 1085 3176 potestatem
1113 3119 1164 3174 ve·

164 3186 230 3244 nire
251 3204 350 3261 neque
373 3191 479 3244 contra
500 3185 645 3262 populum
661 3185 832 3244 Romanurn
855 3184 946 3244 armis
970 3184 1163 3243 contendere.

164 3271 255 3344 Item,
279 3291 371 3346 quum
401 3270 441 3330 ad
473 3271 616 3348 oppidum
650 3270 834 3330 accessisset
862 3277 1024 3345 castraque
1047 3270 1089 3328 ibi
1111 3290 1165 3347 po-

164 3363 259 3431 neret,
287 3356 375 3434 pueri
401 3356 602 3431 mulieresque
633 3376 669 3415 ex
697 3377 782 3415 muro
815 3356 916 3434 passis
945 3356 1084 3414 manibus
1108 3375 1164 3414 suo

164 3461 247 3500 more
269 3461 376 3519 pacem
398 3443 435 3500 ab
457 3441 603 3500 Romanis
625 3443 787 3521 petierunt.

250 3527 338 3587 XIV.
383 3527 443 3586 Pro
465 3527 512 3586 his
532 3527 704 3587 Divitiacus
727 3527 809 3599 (narn
824 3534 895 3606 post
913 3527 1083 3586 discessum
1093 3527 1164 3585 Bel·

165 3634 272 3690 garum
300 3613 433 3672 dimissis
462 3612 650 3672 Haeduorum
683 3613 777 3692 copiis
808 3612 847 3672 ad
881 3634 949 3672 eum
983 3612 1164 3683 reverterat)

165 3698 241 3759 facit
273 3699 383 3760 rerba:
423 3697 605 3759 Bellovacos
643 3700 723 3758 omni
756 3707 892 3777 tempore
925 3699 957 3757 in
978 3697 1038 3757 fide
1073 3706 1164 3774 atque

167 3785 299 3844 amicitia
322 3783 454 3844 civitatis
476 3783 605 3842 Haeduae
629 3783 741 3858 fuisse;
765 3785 911 3863 impulsos
935 3786 972 3843 ab
996 3784 1060 3842 suis
1082 3784 1164 3862 prin-

167 3871 294 3948 cipibus,
339 3870 390 3945 qui
409 3916 411 3920 ,
429 3869 580 3934 dicerent.v
596 3870 732 3930 Haeduos
766 3892 784 3930 a
818 3870 938 3930 Caesare
971 3871 1002 3929 in
1035 3871 1164 3931 servitu-

170 3963 232 4015 tem
261 3955 404 4015 redactos
438 3974 542 4015 omnes
574 3955 771 4033 indignitates
806 3956 1063 4031 contumeliasque
1095 3976 1164 4033 per-
