2670 4456
526 236 729 292 cnnmvn.
1084 253 1143 310 151

140 431 237 505 milia;
273 431 413 491 Aulercis
448 431 627 492 Cenomanis
661 434 801 509 totidem
845 435 1046 497 Atrebatibus
1081 438 1143 513 IV,

140 515 330 577 Veliocassis
364 518 504 592 totidem;
540 520 755 579 Lemovicibus
795 529 825 580 et
855 521 997 583 Aulercis
1026 524 1144 583 Eburo-

141 605 260 664 vicibus
272 612 374 677 terna;
388 605 536 664 Rauracis
549 613 580 664 et
591 604 678 682 Bcjis
696 607 767 666 bina
775 627 781 681 ;
795 607 892 666 XXX
906 610 1057 670 universis
1071 610 1144 671 civi-

140 692 268 766 tatibus,
293 710 361 765 quae
385 689 540 750 Oceanum
563 691 716 768 attingunt
739 713 867 769 quaeque
891 713 995 753 eorum
1018 716 1145 757 consve-

141 778 247 837 tudine
269 776 435 835 Armoricae
459 777 660 854 appellantur,
685 798 743 854 quo
772 786 844 837 sunt
871 780 902 839 in
931 801 1055 840 numero
1086 781 1145 841 Ou-

141 863 303 937 riosolites,
327 862 481 937 Redones,
516 862 695 938 Ambibarii,
727 862 857 940 Caletes,
889 864 1012 941 Osismi,
1047 868 1145 926 Lexo-

143 949 194 1023 vii,
228 949 355 1008 Venelli.
407 949 454 1006 Ex
483 949 531 1007 his
560 949 716 1008 Bellovaci
761 970 849 1008 suum
883 971 1041 1010 numerum
1083 974 1144 1012 non

142 1035 378 1112 compleverunt,
403 1031 484 1110 quod
507 1055 540 1094 se
563 1055 618 1094 suc
647 1036 767 1094 nomine
795 1045 887 1112 atque
916 1039 1041 1097 arbitrio
1075 1059 1144 1098 curn

141 1121 288 1180 Romanis
310 1120 423 1179 bellum
445 1130 587 1197 gesturos
600 1121 737 1181 dicerent
764 1142 863 1198 neque
887 1122 1067 1200 cujusquam
1090 1125 1144 1182 im·

141 1208 226 1285 perio
242 1200 522 1284 obtemperaturos,
547 1207 646 1285 rogati
668 1213 770 1267 tamen
793 1210 830 1267 ab
851 1207 984 1268 Commio
1004 1230 1058 1287 pro
1077 1210 1144 1287 ejus

141 1293 275 1370 hospitio
300 1292 358 1351 duo
381 1292 464 1351 milia
486 1314 547 1352 una
569 1295 726 1353 miserunt.

228 1378 377 1438 LXXVI.
423 1379 525 1455 Hujus
561 1399 653 1456 opera
677 1378 812 1455 Commii,
847 1388 882 1439 ut
911 1388 1000 1440 antea
1023 1381 1144 1441 demon-

142 1465 317 1539 stravimus,
339 1462 422 1523 fideli
445 1472 535 1540 atque
558 1466 625 1523 utili
642 1466 849 1542 superioribus
873 1467 959 1525 annis
983 1474 1048 1526 erat
1070 1486 1144 1526 usus

140 1552 173 1611 in
194 1550 354 1609 Britannia
378 1549 490 1625 Oaesar,
526 1551 636 1626 quibus
669 1551 719 1609 ille
752 1571 807 1629 pro
841 1553 957 1612 meritis
989 1553 1144 1613 civitatem

142 1638 208 1715 ejus
231 1637 394 1695 immunem
422 1655 490 1695 esse
522 1636 673 1712 jusserat,
698 1637 770 1713 jura
797 1638 942 1714 legesque
969 1637 1144 1697 reddiderat

143 1732 233 1799 atque
255 1723 315 1800 ipsi
338 1722 472 1780 Morinos
493 1723 681 1782 attribuerat.
733 1723 848 1782 Tamen
880 1730 966 1782 tanta
994 1724 1144 1783 universae

144 1810 251 1868 Galliae
276 1808 433 1867 consensio
457 1807 516 1866 fuit
543 1808 693 1867 libertatis
722 1808 912 1869 vindicandas
947 1817 978 1868 et
1005 1810 1144 1886 pristinae
1190 1852 1192 1857 ·

142 1895 214 1954 belli
248 1894 348 1953 laudis
382 1894 613 1971 recuperandae,
653 1901 688 1952 ut
728 1915 826 1970 neque
859 1894 1014 1954 beneficiis
1046 1915 1145 1971 neque

143 1981 283 2040 amicitiae
316 1981 460 2039 memoria
493 1987 694 2056 moverentur,
729 2000 893 2056 omnesque
930 1990 961 2040 et
994 1981 1092 2040 animo
1116 1989 1147 2041 et

144 2067 252 2144 opibus
274 2067 306 2124 in
327 2065 360 2124 id
381 2067 494 2125 bellum
522 2066 731 2126 incumberent
759 2067 873 2126 coactis
902 2067 1036 2143 equitum
1061 2067 1145 2126 VIII

143 2153 263 2211 milibus
288 2159 317 2210 et
339 2152 474 2230 peditum
498 2153 618 2211 circiter
642 2152 761 2212 CCXL.
807 2153 937 2211 Haecin
955 2152 1146 2211 Haeduorum

141 2238 253 2298 finibus
299 2240 538 2297 recensebantur
575 2258 779 2313 numerusque
816 2239 964 2312 inibatur,
1005 2237 1146 2315 praeiecti

142 2325 414 2383 constituebantur.
461 2323 595 2382 Commio
617 2324 768 2398 Atrebati,
792 2323 982 2383 Viridomaro
1006 2331 1036 2382 et
1061 2325 1142 2401 Epo·

142 2411 275 2487 redcrigi
298 2409 436 2484 Haeduis,
464 2409 752 2468 Vercassivellauno
779 2409 933 2484 Arverno,
964 2408 1145 2468 consobrino

142 2493 411 2573 Vercingetorigis,
447 2514 563 2553 summa
596 2495 714 2572 imperii
747 2494 886 2553 traditur.
937 2495 996 2554 His
1035 2494 1145 2554 delecti

142 2603 179 2641 ex
202 2582 376 2642 civitatibus
399 2581 615 2654 attribuuntur,
640 2601 767 2656 quorum
797 2581 921 2639 consilio
950 2581 1062 2639 bellum
1091 2581 1143 2640 ad·

141 2669 371 2727 ministraretur.
418 2667 531 2725 Omnes
554 2665 671 2726 alacres
701 2673 732 2725 et
758 2665 877 2726 fiduciae
906 2666 988 2744 pleni
1011 2665 1050 2725 ad
1071 2666 1144 2725 Ale·
1231 2690 1234 2695 ·

142 2755 218 2813 siam
239 2752 487 2832 proficiscuntur,
517 2772 616 2828 neque
639 2759 704 2811 erat
727 2752 858 2812 omnium
881 2752 1058 2828 quisquam,
1093 2753 1144 2828 qui

141 2848 298 2918 aspectum
321 2839 408 2898 modo
432 2846 525 2897 tantae
548 2838 751 2897 multitudinis
775 2839 917 2898 sustineri
945 2857 1037 2916 posse
1065 2839 1144 2896 erbi-

144 2934 286 3000 traretur,
316 2925 488 3003 praesertim
521 2924 646 3001 ancipiti
679 2924 801 3002 prelio,
837 2945 928 3000 quum
962 2945 999 2983 ex
1029 2923 1141 3002 oppido

142 3013 300 3089 eruptione
323 3020 519 3090 pugnaretur,
542 3009 617 3069 foris
640 3017 734 3069 tantae
758 3010 853 3088 copiae
882 3009 1034 3084 equitatus
1057 3008 1142 3086 pedi-

141 3103 284 3172 tatusque
307 3105 510 3155 cernerentur.

229 3181 396 3241 LXXVII.
424 3183 467 3241 At
483 3183 513 3256 ii,
538 3181 590 3256 qui
607 3181 721 3240 Alesiae
741 3179 968 3254 obsidebantur,
986 3180 1144 3258 praeterita

143 3268 202 3342 die,
227 3288 287 3342 qua
310 3287 433 3327 suorum
456 3267 567 3326 auxilia
589 3274 835 3345 expectaverant,
860 3273 1038 3344 consumpto
1062 3266 1143 3325 omni

141 3352 294 3412 frumento
316 3354 414 3428 InsciI,
438 3353 510 3428 quid
532 3353 563 3411 in
585 3352 714 3411 Haeduis
741 3358 907 3429 gereretur,
938 3351 1063 3411 concilio
1095 3373 1143 3412 co·

144 3447 211 3497 acto
246 3439 284 3498 de
318 3439 401 3498 exitu
434 3459 557 3498 suarum
592 3438 782 3497 fortunarum
816 3436 1038 3496 consultabant.
1094 3438 1141 3496 Ac

142 3525 235 3585 variis
258 3525 347 3583 dictis
377 3525 544 3599 sententiis,
579 3545 707 3600 quarum
738 3543 811 3602 pars
834 3523 1026 3597 deditionem,
1060 3542 1142 3599 pars,

142 3610 214 3669 dum
236 3612 317 3670 vires
341 3617 549 3689 suppeterent,
574 3610 762 3688 eruptionem
791 3611 945 3682 censebat,
974 3628 1034 3666 non
1063 3627 1140 3686 prae—

142 3697 289 3756 tereunda
323 3697 418 3756 oratio
454 3696 623 3772 Critognati
654 3695 776 3755 videtur
814 3701 939 3773 propter
978 3692 1043 3769 ejus
1082 3694 1143 3752 sin-

142 3782 280 3858 gularem
302 3790 332 3841 et
354 3781 503 3841 nefariam
526 3780 746 3840 crudelitatem.
791 3781 852 3839 Hic
880 3799 996 3839 summo
1024 3779 1056 3836 in
1083 3779 1143 3837 Ar-

143 3869 244 3927 vernis
267 3875 352 3927 ortus
374 3868 441 3926 loco
464 3874 495 3925 et
516 3887 635 3943 magnae
663 3867 786 3926 habitus
815 3864 1019 3924 auctoritatis:
1049 3863 1142 3939 Nihil,

142 3952 249 4030 inquit,
283 3953 320 4012 de
351 3973 454 4012 eorum
482 3952 632 4011 sententia
661 3952 797 4012 dicturus
825 3970 901 4026 sum,
925 3950 977 4026 qui
1000 3950 1140 4028 turpissi-
