2670 4456
131 258 150 316 6
451 250 504 304 DE
523 248 650 304 BELLO
669 244 839 304 GALLIOO

130 446 202 505 dum
235 444 293 504 sibi
327 444 444 518 statuit,
479 444 550 503 dum
584 444 723 504 omnibus
752 442 882 504 fortunis
912 444 1063 504 sociorum
1093 464 1163 503 con·

130 531 259 609 sumptis
281 530 313 590 in
336 529 487 589 Santonos
510 530 646 589 Helvetii
667 531 872 608 pervenirent.

214 615 292 676 XII.
337 615 466 675 Flumen
489 623 537 675 est
558 616 652 690 Arar,
685 615 766 692 quod
794 635 849 693 per
876 614 953 674 fines
976 614 1165 674 Haeduorum

130 708 161 762 et
183 701 392 778 Sequanorum
421 703 453 760 in
479 701 663 760 Rhodanum
691 700 790 760 influit
823 700 995 761 incredibili
1027 700 1162 777 lenitate,

128 789 172 848 ita
193 795 228 847 ut
250 788 356 862 oculis,
385 787 417 847 in
444 794 543 846 utram
564 795 683 865 partem
705 786 789 861 fluat,
816 786 950 863 judicari
971 806 1032 846 non
1054 787 1162 863 possit.

129 874 168 933 Id
190 872 326 932 Helvetii
353 873 470 932 ratibus
499 893 534 932 ac
563 873 704 932 lintribus
729 872 846 949 junctis
874 872 1057 932 transibant.
1102 871 1165 932 Ubi

127 979 183 1038 per
222 959 429 1036 exploratores
470 957 574 1018 Caesar
613 958 724 1018 certior
762 957 863 1017 factus
903 965 951 1017 est
994 964 1057 1017 tres
1098 957 1164 1034 jam

126 1050 232 1123 partes
255 1045 411 1121 copiarum
433 1043 593 1103 Helvetios
616 1044 648 1102 id
670 1042 782 1102 flumen
804 1043 992 1118 traduxisse,
1025 1050 1165 1118 quartam

128 1150 202 1190 vero
238 1138 357 1207 partem
396 1129 473 1188 citra
510 1127 624 1187 flumen
656 1129 778 1188 Ararim
810 1129 958 1205 reliquam
998 1148 1082 1202 esse,
1124 1129 1162 1188 de

128 1215 218 1275 tertia
251 1215 355 1291 vigilia
383 1234 452 1273 cum
479 1214 650 1292 legionibus
678 1215 776 1274 tribus
808 1235 825 1273 e
858 1215 968 1274 castris
1004 1214 1161 1292 profectus

128 1301 168 1360 ad
190 1320 256 1360 eam
278 1308 397 1377 partem
418 1300 567 1377 pervenit,
600 1319 667 1376 quae
696 1300 830 1359 nondum
852 1298 964 1360 flumen
985 1301 1169 1368 transierat,

127 1386 191 1445 Eos
213 1385 375 1463 impeditos
404 1393 435 1444 et
461 1386 653 1463 inopinantes
684 1405 849 1462 aggressus
879 1407 1021 1464 magnam
1042 1394 1161 1464 partem

128 1491 232 1531 eorum
265 1471 410 1544 concidit;
445 1470 555 1548 reliqui
587 1489 657 1530 sese
690 1471 772 1548 fugae
801 1471 982 1531 mandarunt
1011 1479 1102 1548 atque
1131 1473 1162 1531 in

128 1557 282 1635 proximas
310 1556 404 1616 silvas
433 1556 624 1616 abdiderunt.
681 1557 715 1616 Is
742 1577 841 1635 pagus
870 1557 1082 1636 appellabatur
1112 1557 1162 1617 Ti-

129 1643 270 1720 gurinus3
305 1662 375 1700 nam
403 1642 500 1702 omnis
530 1643 638 1703 civitas
667 1643 812 1704 Helvetia
840 1644 872 1702 in
894 1650 1037 1720 quattuor
1065 1663 1162 1721 pagos

129 1728 228 1787 divisa
251 1724 338 1809 est..)
358 1728 418 1787 Hic
440 1748 539 1807 pagus
562 1748 641 1788 unus
664 1749 756 1805 quum
779 1729 867 1788 domo
891 1730 1013 1803 exisset,
1043 1736 1165 1806 patrum

127 1820 301 1873 nostrorum
340 1815 483 1872 memoria
521 1815 558 1873 L.
594 1813 735 1873 Cassium
774 1815 929 1873 consulem
967 1814 1165 1874 interfecerat

128 1905 159 1958 et
192 1898 259 1975 ejus
293 1900 458 1958 exercitum
487 1901 543 1957 sub
570 1898 679 1974 jugum
706 1899 840 1959 miserat.
906 1899 957 1957 Ita
989 1900 1054 1959 sive
1090 1920 1164 1959 casu

128 1985 194 2044 sive
228 1984 353 2043 consilio
382 1984 512 2043 ,deorum
544 1983 773 2059 immortalium,
814 2003 881 2060 quae
920 2003 992 2061 pars
1030 1984 1163 2044 civitatis

127 2069 280 2130 Helvetiae
307 2070 456 2145 insignem
486 2070 690 2129 calamitatem
712 2070 824 2147 populo
847 2069 985 2129 Romano
1008 2069 1162 2145 intulerat,

129 2175 165 2215 ea
197 2155 341 2233 princeqs
373 2174 481 2232 poenas
514 2155 686 2235 persolvit.¹
732 2155 799 2226 Qua
831 2155 862 2214 in
895 2175 928 2214 re
964 2154 1069 2214 Caesar
1102 2176 1164 2214 non

129 2240 226 2300 solum
259 2240 397 2317 publicas
437 2240 492 2300 sed
533 2241 625 2300 etiam
656 2240 793 2319 privatas
826 2239 954 2317 injurias
987 2241 1070 2299 ultus
1105 2249 1161 2315 est,

129 2326 210 2402 quod
238 2325 304 2402 ejus
333 2325 431 2385 soceri
459 2327 496 2385 L.
520 2326 641 2386 Pisonis
664 2347 764 2403 avum,
793 2327 830 2386 L.
854 2327 996 2386 Pisonem
1017 2326 1162 2404 legatum,

129 2412 266 2490 Tigurini
290 2411 396 2471 eodem
417 2412 534 2491 proeli0,
559 2433 619 2489 quo
643 2411 792 2490 Cassium,
815 2410 1041 2472 interfecerant.

213 2496 309 2555 XIII.
360 2498 429 2556 Hoc
456 2499 563 2576 proelio
591 2497 683 2574 facto,
712 2500 845 2576 reliquas
874 2500 977 2578 copias
1006 2499 1163 2559 Helvetio-

128 2602 194 2640 rum
226 2588 261 2639 ut
294 2583 440 2656 consequi
472 2591 593 2661 posset,
632 2591 757 2660 pontem
795 2586 826 2644 in
858 2585 957 2644 Arare
991 2584 1164 2644 iaciendum

129 2673 216 2725 curat
244 2672 335 2742 atque
361 2666 405 2725 ita
439 2667 605 2726 exercitum
637 2668 779 2727 traducit.
836 2669 971 2729 Helvetii
1004 2670 1162 2745 repentino

129 2751 195 2828 ejus
224 2749 358 2811 adventu
386 2751 541 2826 commoti,
576 2772 669 2828 quum
695 2753 742 2829 id,
775 2753 856 2830 quod
883 2754 943 2832 ipsi
966 2753 1075 2812 diebus
1097 2753 1163 2812 XX

129 2837 286 2914 aegerrime
320 2834 523 2912 confecerant,
558 2846 592 2896 ut
624 2835 737 2897 fiumen
769 2838 949 2912 transirent,
984 2838 1069 2896 illum
1102 2859 1161 2897 uno

129 2922 179 2982 die
200 2921 313 2983 fecisse
340 2922 560 2999 intelligerent,
589 2923 707 3000 legatos
737 2924 776 2983 ad
804 2944 873 2983 enm
899 2925 1037 2998 mittunt,
1074 2924 1161 3000 cujus

128 3007 289 3086 legationis
317 3007 427 3068 Divico
456 3009 599 3087 princeps
627 3007 699 3084 luit,
735 3009 786 3086 qui
813 3009 894 3069 bello
925 3008 1072 3069 Cassiano
1101 3010 1162 3068 dux

130 3092 342 3154 Helvetiorum
363 3092 472 3154 fuerat.
529 3094 563 3153 Is
585 3094 628 3153 ita
651 3114 720 3153 cnm
743 3094 865 3155 Oaesare
888 3095 964 3172 egit:
1000 3094 1032 3153 Si
1055 3116 1162 3173 pacem

128 3179 261 3258 populus
283 3179 440 3239 Romanus
464 3199 532 3239 cum
554 3179 705 3239 Helvetiis
728 3178 860 3255 iaceret,
888 3181 919 3240 in
948 3201 1015 3240 eam
1044 3190 1162 3259 partem

128 3265 224 3324 ituros
254 3270 345 3340 atque
373 3264 416 3323 ibi
443 3264 563 3324 futuros
586 3265 762 3341 Helvetios,
796 3267 848 3325 ubi
876 3286 928 3326 eos
958 3266 1063 3326 Caesar
1091 3288 1161 3326 con-

129 3350 280 3410 stituisset
308 3357 399 3426 atque
428 3369 497 3410 esse
519 3351 683 3426 voluisset;
714 3352 762 3412 sin
789 3352 870 3411 bello
892 3354 1036 3430 persequi
1058 3372 1161 3431 perse·

128 3443 259 3509 voraret,
286 3435 534 3496 reminisceretur
562 3444 592 3496 et
619 3437 733 3496 veteris
761 3438 943 3498 incommodi
972 3439 1077 3516 populi
1099 3439 1161 3496 Ro-

128 3521 210 3579 mani
237 3528 268 3580 et
293 3520 431 3598 pristinae
459 3521 582 3582 virtutis
610 3522 829 3584 Helvetiorum.
881 3522 970 3595 Quod
996 3524 1161 3601 improviso

128 3626 221 3665 unum
246 3625 359 3684 pagum
387 3606 512 3666 adortus
541 3614 633 3681 esset,
662 3628 755 3684 quum
781 3610 811 3683 ii,
841 3611 893 3685 qui
920 3608 1032 3668 flumen
1061 3615 1160 3668 trans-

128 3692 240 3766 issent,
280 3692 345 3751 suis
379 3691 523 3752 auxilium
555 3692 636 3753 ferre
668 3714 730 3753 non
762 3702 904 3773 possent,
944 3715 982 3754 ne
1022 3697 1060 3753 ob
1095 3715 1162 3754 eam

129 3797 195 3836 rem
223 3785 275 3836 aut
301 3797 365 3837 suae
394 3798 578 3863 magnopere
605 3778 712 3838 virtuti
739 3781 888 3840 tribueret
916 3788 969 3839 aut
995 3781 1080 3858 ipsos
1110 3780 1160 3839 de-

129 3863 276 3941 spiceret:
312 3882 345 3922 se
374 3863 418 3923 ita
446 3865 625 3941 apatribus
655 3864 884 3942 majoribusque
912 3866 976 3924 suis
1006 3865 1159 3939 didicisse,

128 3954 163 4006 ut
195 3948 292 4025 magis
320 3948 433 4009 virtute
462 3945 699 4024 [contenderent]
735 3972 825 4028 quam
859 3951 928 4010 dolo
957 3957 1009 4011 aut
1041 3951 1161 4011 insidiis
