2670 4456
165 259 207 316 48
464 245 517 298 DE
534 243 661 300 BELLO
681 244 861 301 GALLIGO.

165 445 255 520 vada,
279 450 396 522 portus,
419 440 536 500 insulas
558 442 696 516 novisse,
720 461 756 500 ac
778 441 868 518 longe
900 441 990 499 aliam
1018 461 1087 501 esse
1114 464 1167 502 na-

164 531 350 608 vigationem
371 528 404 586 in
427 527 569 586 concluso
591 527 676 600 mari,
701 534 792 602 atque
815 528 846 585 in
868 528 1042 586 vastissimo
1067 526 1169 604 [atque

166 613 367 695 apertissimo]
391 612 513 672 Oceano
546 614 780 691 perspiciebant.
830 613 889 672 His
923 613 1005 672 initis
1034 615 1168 674 consiliis

166 702 279 780 oppida
301 701 455 774 muniunt,
485 698 638 758 frumenta
666 719 703 758 ex
734 699 815 776 agris
843 699 874 757 in
898 698 1008 776 oppida
1031 719 1167 778 compor-

165 796 244 863 tant,
277 806 372 847 naves
404 787 436 844 in
463 785 632 860 Venetiam,
666 785 719 842 ubi
749 784 903 844 Gaesarem
935 785 1066 862 primum
1100 807 1169 846 esse

164 874 280 933 bellum
312 879 471 950 gesturum
504 871 680 946 constabat,
720 890 811 945 quam
843 871 989 948 plurimas
1028 880 1167 949 possunt,

167 966 289 1038 cogunt.
340 957 446 1017 Socios
475 956 534 1015 sibi
562 956 601 1015 ad
628 957 661 1015 id
682 956 796 1015 bellum
819 955 973 1031 Osismos,
1004 957 1166 1034 Lexouios,

165 1045 340 1119 Namnetes,
375 1043 567 1118 Ambiliatos,
595 1043 740 1117 Morinos,
770 1043 974 1117 Diablintres,
1010 1043 1168 1122 Menapios

167 1132 335 1204 asciscunt;
360 1129 471 1188 auxilia
494 1148 531 1186 ex
558 1129 726 1202 Britannia,
757 1148 825 1204 quae
855 1136 960 1187 contra
988 1149 1040 1188 eas
1070 1131 1168 1207 regio-

165 1237 220 1276 nes
242 1217 343 1294 posita
365 1222 421 1289 est,
445 1221 612 1273 arcessunt.

251 1302 292 1360 X.
339 1302 437 1359 Erant
459 1320 503 1359 eae
523 1298 720 1358 difficultates
730 1299 804 1358 belli
821 1299 956 1376 gerendi,
981 1321 1057 1374 quas
1075 1321 1169 1378 supra

168 1388 370 1460 ostendimus,
405 1385 460 1446 sed
494 1386 589 1443 multa
622 1384 774 1444 Gaesarem
807 1392 908 1443 tamen
936 1385 975 1443 ad
1002 1385 1034 1444 id
1056 1387 1169 1445 bellum

94 1522 97 1526 .
166 1474 349 1532 incitabant:
394 1471 513 1548 injuriae
554 1478 740 1530 retentorum
784 1471 919 1546 equitum
952 1472 1167 1548 Romanorum,

167 1559 292 1618 rebellio
315 1557 398 1617 facta
419 1565 490 1635 post
513 1556 705 1632 deditionem,
730 1555 860 1616 defectio
890 1557 969 1615 datis
1000 1558 1166 1634 obsidibus,

167 1651 215 1704 tot
237 1645 395 1704 civitatum
419 1642 597 1718 conjuratio,
621 1643 652 1701 in
681 1643 802 1720 primis,
832 1663 869 1702 ne
891 1643 948 1702 hac
976 1652 1064 1720 parte
1094 1665 1167 1721 neg-

167 1730 248 1790 lecta
281 1730 406 1805 reliquae
435 1729 573 1788 nationes
608 1729 667 1787 sibi
698 1729 779 1787 idem
812 1728 904 1787 licere
938 1729 1166 1789 arbitrarentur.

61 1876 63 1881 ,
168 1816 278 1891 Itaque
302 1836 393 1891 quum
414 1814 598 1892 intelligeret
620 1834 724 1872 omnes
746 1813 812 1872 fere
836 1814 942 1873 Gallos
963 1815 1051 1875 nouis
1074 1817 1168 1875 rebus

170 1901 293 1960 studere
328 1908 358 1959 et
391 1900 429 1958 ad
467 1900 582 1958 bellum
614 1900 765 1959 mobiliter
798 1900 998 1976 celeriterque
1032 1902 1167 1971 excitari,

168 2006 272 2045 omnes
296 1993 396 2045 autem
418 1986 555 2044 homines
577 1991 686 2044 natura
707 1986 842 2043 libertati
865 1985 989 2044 studere
1012 1995 1042 2045 et
1066 1988 1168 2047 condi-

167 2073 283 2131 cionem
323 2071 479 2131 servitutis
521 2070 637 2147 odisse,
675 2071 854 2148 priusquam
885 2072 990 2148 plures
1024 2074 1166 2133 civitates

167 2158 390 2235 conspirarent,
420 2156 611 2234 partiendum
645 2157 704 2215 sibi
737 2177 771 2215 ac
805 2157 896 2215 latius
926 2157 1168 2217 distribuendum

167 2244 332 2303 exercitum
354 2242 483 2320 putavit.

251 2329 310 2387 XI.
342 2330 466 2404 ltaque
489 2328 522 2386 T.
536 2327 705 2386 Labienum
726 2327 861 2405 legatum
883 2329 914 2386 in
936 2329 1089 2405 Treviros,
1115 2332 1168 2406 qui

165 2415 294 2493 proximi
315 2413 432 2473 flumini
453 2415 560 2473 Rheno
584 2422 664 2489 sunt,
689 2435 757 2473 cum
780 2415 917 2490 equitatu
939 2415 1039 2473 mittit.
1087 2416 1167 2475 Huic

168 2500 300 2575 mandat,
319 2501 433 2559 Remos
450 2500 643 2575 reliquosque
654 2500 768 2578 Belgas
787 2500 876 2559 adeat
900 2507 990 2577 atque
1012 2501 1043 2559 in
1066 2500 1166 2560 officio

169 2586 330 2660 contineat,
360 2586 597 2661 Germanosque,
627 2586 678 2661 qui
706 2586 816 2645 auxilio
846 2608 864 2645 a
891 2587 997 2662 Belgis
1028 2589 1167 2646 arcessiti

167 2671 354 2746 dicebantur,
378 2671 405 2728 si
426 2671 557 2748 pervim
579 2672 709 2731 navibus
731 2669 842 2730 flumen
864 2673 995 2731 transire
1009 2680 1164 2748 conentur,

166 2757 335 2834 prohibeat.
380 2757 415 2814 P.
440 2755 585 2814 Crassum
609 2776 677 2814 cum
700 2757 876 2816 cohortibus
899 2758 1073 2834 legionariis
1098 2759 1167 2818 XII

166 2850 196 2901 et
208 2862 317 2918 magno
329 2861 454 2900 numero
473 2842 626 2917 equitatus
644 2842 676 2900 in
687 2842 885 2917 Aquitaniam
901 2842 1053 2921 proficisci
1064 2844 1165 2920 jubet,

165 2949 203 2987 ne
232 2948 269 2986 ex
296 2927 344 2986 his
372 2927 546 2986 nationibus
576 2927 687 2986 auxilia
714 2928 745 2986 in
775 2928 906 2988 Galliam
938 2931 1096 2988 mittantur
1130 2952 1165 2989 ao

165 3021 259 3073 tantae
292 3013 431 3072 nationes
471 3013 701 3090 conjungantur.
765 3013 801 3085 Q.
836 3015 986 3073 Titurium
1020 3015 1166 3074 Sabinum

164 3099 298 3176 legatum
321 3119 390 3157 cum
411 3098 581 3175 legionibus
610 3099 709 3158 tribus
737 3100 769 3157 in
796 3100 937 3175 Unellos,
969 3100 1165 3161 Curiosolites

164 3185 378 3259 Lexoviosque
400 3185 503 3259 mittit,
528 3185 579 3260 qui
602 3205 669 3243 eam
691 3206 813 3244 manum
836 3186 1041 3245 distinendam
1069 3196 1163 3246 curet.

164 3270 202 3328 D.
226 3271 356 3328 Brutum
373 3269 597 3329 adolescentem
615 3271 708 3330 classi
720 3272 907 3347 Gallicisque
925 3274 1065 3347 navibus,
1089 3293 1165 3348 quas

164 3375 201 3414 ex
222 3356 400 3414 Pictonibus
423 3355 618 3416 et'Santonis
640 3357 825 3432 reliquisque
847 3359 965 3435 pacatis
987 3359 1163 3436 regionibus

164 3441 324 3501 convenire
354 3440 501 3517 jusserat,
534 3441 663 3520 praeficit
696 3449 735 3518 et,
770 3463 862 3518 quum
890 3445 1019 3521 primum
1047 3454 1163 3522 posset,

162 3526 194 3585 in
215 3527 350 3586 Venetos
372 3526 524 3604 proficisci
543 3527 641 3604 jubet.
686 3528 759 3606 Ipse
782 3548 817 3588 eo
844 3530 1039 3607 pedestribus
1068 3532 1164 3609 copiis

164 3612 328 3672 contendit.
749 3679 754 3692 ·

247 3699 325 3757 XII.
369 3699 467 3757 Erant
500 3698 649 3774 ejusmodi
681 3698 746 3759 fere
780 3699 857 3759 situs
897 3701 1093 3779 oppidorum,
1130 3710 1165 3760 ut

162 3785 262 3862 posita
284 3786 316 3843 in
337 3784 479 3844 extremis
501 3784 624 3861 lingulis
651 3786 927 3863 promunturiisque
953 3807 1052 3862 neque
1079 3787 1164 3866 pedi-

161 3869 220 3929 bus
246 3870 361 3929 aditum
382 3870 538 3945 haberent,
563 3890 656 3945 quum
678 3891 716 3930 ex
745 3873 806 3931 alto
836 3892 869 3932 ee
892 3880 985 3932 aestus
1007 3874 1164 3934 incitavis-

163 3963 210 4014 set
235 3954 327 4031 [quod
348 3957 375 4014 is
399 3956 516 4015 accedit
539 3976 659 4034 semper
680 3957 820 4017 horarum
832 3958 900 4017 XII
923 3957 1042 4036 spatiol,
1065 3980 1164 4035 neque
