2670 4456
551 231 671 286 LIBER
689 231 771 288 VIII.
1107 244 1168 303 173

166 426 262 504 pitum
284 426 393 503 vigiles
418 435 587 486 castrorum
609 447 702 503 quum
730 427 916 503 sensissent,
946 429 1168 508 exploratores-

167 531 225 587 que
247 512 341 588 missi,
365 532 432 588 quae
455 521 643 591 gererentur,
665 515 901 590 renuntiassent,
922 513 1067 576 Caninius
1090 516 1169 576 cele-

165 598 240 656 riter
268 617 336 656 cum
370 598 545 658 cohortibus
579 599 703 659 armatis
738 619 776 658 ex
797 600 944 678 proximis
978 601 1114 662 castellis
1137 603 1169 662 in

165 683 381 742 frumentarios
403 685 461 742 sub
484 685 583 762 ipsam
604 685 703 745 lucem
719 685 866 765 impetum
883 685 967 746 fecit.
1001 688 1044 747 Hi
1061 709 1168 768 repen·

165 770 228 828 tino
261 769 357 831 malo,
374 770 528 847 perterriti
562 769 728 848 diffugiunt
760 771 800 832 ad
833 791 890 831 sua
911 773 1070 851 praesidia;
1101 795 1168 851 quae

165 855 261 914 nostri
284 864 318 915 ut
340 855 493 932 viderunt,
517 856 617 916 acrius
640 864 745 917 contra
774 866 906 918 armatos
935 858 1054 919 incitati
1074 862 1168 921 nemi-

166 961 236 1000 nem
258 961 295 1000 ex
319 962 354 1001 ec
377 961 502 1002 numero
524 943 629 1003 vivum
651 943 720 1022 oapi
738 943 904 1022 patiuntur.
938 943 1081 1023 Profugit
1098 947 1168 1007 inde

166 1047 234 1086 oum
256 1028 363 1105 paucis
386 1029 547 1088 Lucterius
570 1048 627 1087 neo
646 1047 683 1089 se
704 1029 815 1107 recipit
836 1029 868 1088 in
891 1037 1001 1090 castra.

250 1112 405 1173 XXXVI.
439 1115 486 1172 Re
507 1115 585 1174 bene
607 1122 696 1192 gesta
709 1114 853 1175 Caninius
877 1135 914 1174 ex
938 1116 1067 1195 captiuus
1088 1136 1167 1177 com-

165 1199 245 1277 perit
267 1205 385 1277 partem
409 1200 563 1279 copiarum
587 1220 654 1260 cum
676 1201 834 1279 Drappete
865 1220 935 1260 esse
963 1202 1127 1262 incastris
1151 1225 1169 1263 a

165 1284 287 1343 milibus
309 1306 370 1344 non
393 1286 523 1363 amplius
544 1286 621 1345 XII.
663 1287 784 1359 Quare
808 1307 845 1346 ex
868 1287 1074 1365 compluribus
1098 1309 1167 1367 cog-

164 1371 229 1430 nita
251 1391 344 1446 quum
365 1371 548 1448 intelligeret
570 1370 676 1449 fugato
700 1372 777 1432 duce
800 1373 895 1433 altero
919 1373 1053 1450 reliquos
1077 1373 1168 1435 facile

165 1457 294 1534 opprimi
315 1476 424 1534 posse,
454 1477 573 1534 magnae
602 1456 759 1518 felicitatis
789 1478 857 1518 esse
888 1460 1094 1520 arbitrabatur
1115 1481 1167 1520 ne-

165 1542 277 1601 minem
310 1562 347 1600 ex
381 1542 465 1601 caede
498 1541 650 1620 refugisse
683 1544 715 1602 in
738 1552 854 1619 casua,
889 1546 941 1620 qui
972 1545 1010 1605 de
1042 1554 1169 1626 accepta

165 1627 339 1686 calamitate
362 1629 502 1687 nuntium
530 1628 681 1706 Drappeti
708 1629 868 1709 perferret.
925 1630 986 1690 Sed
1016 1632 1048 1690 in
1076 1653 1166 1710 expe·

165 1714 271 1773 riendo
295 1734 388 1789 quum
409 1714 578 1791 periculum
599 1715 716 1774 nullum
744 1715 877 1790 videret,
907 1717 1075 1791 equitatum
1105 1739 1166 1777 om·
1262 1793 1265 1797 ι

164 1820 234 1859 nem
259 1799 489 1876 Germanosque
510 1800 646 1878 pedites,
676 1820 801 1860 summae
824 1801 996 1862 velocitatis
1018 1803 1167 1879 homines,

165 1886 205 1944 ad
239 1892 341 1944 castra
373 1886 506 1945 hostium
538 1884 712 1964 praemittit;
747 1887 814 1965 ipse
846 1887 996 1964 legionem
1024 1910 1115 1949 unam
1136 1891 1167 1950 in

165 1973 244 2030 trina
267 1979 369 2030 eastra
397 1971 560 2047 distribuit,
590 1972 717 2032 alteram
746 1993 850 2034 secum
879 1973 1051 2052 expeditam
1073 1975 1166 2036 ducit.

166 2057 266 2129 Quum
298 2058 425 2135 propius
458 2058 563 2117 hostes
600 2059 796 2134 accessisset,
838 2061 875 2118 ab
910 2061 1164 2138 exploratoribus,

165 2163 241 2218 quos
252 2144 452 2221 praemiserat,
477 2145 634 2222 cognoscit
658 2152 759 2204 castra
782 2165 894 2214 eorum,
917 2152 952 2203 ut
968 2147 1168 2206 barbarorum

164 2228 229 2287 fere
252 2229 440 2290 consvetudo
465 2238 522 2304 est,
547 2231 662 2289 relictis
685 2231 760 2289 locis
784 2231 993 2308 superioribus
1022 2231 1061 2290 ad
1082 2232 1166 2310 ripas

161 2313 294 2374 fluminis
318 2325 387 2375 esse
410 2314 553 2390 demissa,
578 2323 610 2374 at
623 2316 792 2375 Germanos
805 2316 983 2392 equitesque
993 2317 1166 2395 impruden-

161 2401 244 2459 tibus
268 2403 409 2461 omnibus
433 2401 471 2461 de
493 2402 658 2479 improviso
683 2401 844 2462 advolasse
867 2401 1068 2479 proeliumque
1087 2423 1167 2462 corn·

160 2486 290 2546 misisse.
354 2486 421 2558 Qua
461 2508 494 2546 re
526 2488 648 2564 cognita
680 2488 830 2565 legionem
858 2495 1006 2546 armatam
1037 2489 1167 2548 instruc·

162 2578 284 2649 tamque
308 2572 442 2631 adducit.
488 2573 539 2633 Ita
561 2580 687 2651 repente
710 2573 849 2634 omnibus
868 2594 905 2633 ex
922 2573 1062 2651 partibus
1079 2574 1166 2652 signo

163 2657 233 2717 dato
257 2659 325 2718 looa
349 2660 506 2736 superiora
530 2659 700 2738 capiuntur.
747 2659 836 2731 Quod
858 2659 911 2718 ubi
939 2660 1060 2736 accidit,
1090 2660 1166 2720 Ger·

161 2745 242 2803 mani
283 2745 461 2820 equitesque
496 2746 592 2822 signis
625 2745 755 2823 legionis
793 2746 868 2806 visis
902 2746 1167 2807 vehementissime

160 2830 354 2907 proeliantur;
378 2830 540 2890 confestim
562 2831 702 2891 cohortes
724 2832 858 2909 undique
879 2832 1025 2910 impetum
1047 2831 1167 2892 faciunt

162 2917 362 2993 omnibusque
404 2924 457 2975 aut
494 2916 665 2977 interfectis
700 2925 753 2976 aut
786 2919 884 2996 captis
918 2939 1029 2996 magna
1061 2918 1167 2996 praeda

161 3002 332 3079 potiuntur;
357 3002 476 3080 capitur
497 3003 564 3080 ipse
587 3023 622 3062 eo
645 3004 752 3081 proelio
775 3004 927 3082 Drappes.

247 3087 419 3147 XXXVII.
467 3087 610 3147 Caninius
639 3088 816 3148 felicissime
844 3110 877 3148 rc
905 3097 994 3166 gesta
1016 3090 1082 3149 sine
1104 3089 1165 3149 ullo

161 3192 248 3250 paene
282 3174 386 3232 militis
420 3174 546 3233 vulnere
584 3174 623 3233 ad
651 3174 837 3234 obsidendos
866 3175 1035 3252 oppidanos
1058 3175 1166 3236 ¹rever-

161 3259 237 3319 titur
259 3266 445 3335 externoque
467 3260 555 3319 hoste
578 3260 689 3336 deleto,
713 3260 801 3338 cujus
831 3261 939 3320 timore
973 3269 1063 3321 antea
1091 3261 1166 3323 divi-

162 3343 233 3403 dere
255 3345 401 3423 praesidia
427 3352 458 3404 et
485 3345 651 3405 munitione
680 3345 849 3424 oppidanos
879 3347 1067 3406 circumdare
1096 3368 1166 3427 pro·

160 3430 275 3489 hibitus
299 3439 373 3506 erat,
398 3452 491 3509 opera
514 3431 650 3508 undique
671 3433 802 3510 imperat
824 3432 1038 3492 administrari.
1074 3433 1167 3492 Venit

163 3516 271 3575 eodem
294 3537 363 3576 cum
391 3518 455 3576 suis
485 3518 581 3596 copiis
610 3525 734 3595 postero
758 3517 806 3577 die
830 3518 867 3578 G.
891 3519 1006 3578 Fabius
1034 3525 1166 3596 partem-

165 3621 224 3677 que
248 3602 352 3680 oppidi
375 3604 468 3662 sumit
491 3603 530 3662 ad
553 3603 762 3664 obsidendum.

246 3687 436 3748 XXXVIII.
473 3687 577 3748 Caesar
598 3690 720 3749 interim
741 3689 783 3748 M.
792 3689 960 3749 Antonium
985 3696 1168 3765 quaestorem

162 3792 231 3833 curn
253 3773 429 3834 cohortibus
446 3774 509 3833 XV
525 3775 557 3834 in
576 3774 751 3836 Bellovacis
770 3775 903 3851 reliquit,
926 3793 965 3834 ne
982 3795 1043 3851 qua
1060 3795 1167 3835 rursus

161 3878 309 3918 novorum
339 3859 534 3919 consiliorum
558 3861 773 3938 capiendorum
795 3861 902 3939 Belgis
924 3859 1057 3920 facultas
1080 3860 1166 3922 dare·

161 3951 220 4002 tur.
255 3945 328 4022 Ipse
351 3946 485 4021 reliquas
509 3946 650 4006 civitates
673 3946 747 4022 adit,
770 3947 894 4006 obsides
910 3946 1014 4025 plures
1026 3947 1166 4024 imperat,

162 4029 304 4090 timentes
328 4032 460 4091 omnium
483 4031 598 4091 animos
629 4032 835 4092 consolatione
863 4039 969 4107 sanat.¹
1007 4032 1107 4104 Quum
1135 4034 1167 4092 in
