2670 4456
164 265 206 324 30
473 255 526 309 nn
544 253 671 309 samo
692 253 874 310 onnmoo

163 473 262 531 neque
295 472 328 512 se
357 472 427 511 cum
454 451 562 528 Belgis
594 450 720 526 reliquis
754 451 956 528 consensisse,
990 471 1091 526 neque
1124 473 1193 511 con-

162 548 211 600 tra
237 539 383 618 populum
410 538 595 596 Romanum*
615 533 755 610 [omnino]
789 537 975 614 conjurasse,
1010 546 1195 615 paratosque

164 646 233 686 esse
266 633 297 684 et
331 623 453 683 obsides
482 623 555 682 dare
583 630 614 682 et
639 623 789 701 imperata
819 623 921 683 facere
953 631 983 683 et
1006 624 1126 701 oppidis
1147 647 1194 684 re-

164 714 264 791 cipere
298 718 329 771 et
360 709 514 769 frumento
552 709 724 784 ceterisque
765 710 859 769 rebus
894 709 1018 786 juvare3
1060 711 1194 787 reliquos

164 818 268 859 omnes
300 797 414 873 Belgas
453 796 484 854 in
524 797 616 856 armis
655 815 734 872 esse,
781 795 1020 873 Germanosque,
1065 797 1117 872 qui
1150 798 1194 856 cis

162 885 304 945 Rhenum
335 882 479 957 incolant,
515 901 583 940 sese
612 902 680 941 cum
709 882 747 940 iis
776 881 982 958 conjunxisse,
1016 889 1195 958 tantumque

164 990 233 1031 esse
262 989 365 1029 eorum
394 968 527 1026 omnium
553 967 698 1041 furorem,
731 975 767 1026 ut
795 987 834 1026 ne
858 967 1039 1027 Suessiones
1062 969 1193 1044 quidem,

162 1058 275 1117 fratres
308 1054 610 1130 consanguineosque
644 1074 726 1129 suos,
762 1054 813 1128 qui
847 1054 954 1112 eodem
983 1053 1054 1129 jure
1084 1061 1114 1114 et
1143 1056 1194 1113 iis-

163 1143 232 1202 dem
264 1141 384 1218 legibus
419 1146 558 1215 utantur,
593 1161 687 1198 unum
720 1140 879 1216 imperium
913 1136 1067 1214 unumque
1100 1142 1194 1218 magi-

164 1236 293 1288 stratum
327 1246 396 1285 cum
428 1226 504 1302 ipsis
536 1226 685 1301 habeant,
725 1225 880 1285 deterrere
912 1226 1082 1303 potuerint,
1122 1228 1195 1303 quin

163 1336 231 1373 cum
254 1313 293 1372 iis
316 1312 532 1372 consentirent.

248 1400 303 1459 IV.
350 1397 450 1468 Quum
479 1398 516 1456 ab
544 1398 584 1456 iis
613 1403 772 1472 quaereret,
803 1417 870 1472 quae
894 1398 1035 1457 civitates
1058 1406 1193 1473 quantae-

30 1476 51 1515 *
163 1507 222 1562 que
251 1486 282 1543 in
311 1485 403 1542 armis
435 1489 547 1559 essent,
579 1490 610 1541 01
639 1483 712 1557 quid
740 1483 772 1541 in
800 1484 880 1543 bello
902 1492 1039 1561 possent,
1075 1485 1119 1543 sic
1148 1506 1194 1543 10-

161 1572 314 1651 periebat:
356 1570 518 1647 plerosque
555 1569 670 1646 Belgas
704 1588 772 1628 esse
817 1577 899 1628 ortos
944 1571 982 1628 ab
1024 1571 1193 1646 Germanis

161 1658 362 1732 Rhenumque
391 1656 559 1731 antiquitus
588 1655 747 1715 traductos
775 1662 901 1733 propter
922 1656 982 1714 loci
1004 1655 1195 1715 fertilitatem

161 1744 204 1803 ibi
238 1742 413 1803 consedisse
448 1741 630 1818 Gallosque,
672 1742 723 1817 qui
757 1761 792 1800 ea
824 1742 892 1800 loca
926 1742 1108 1818 incolerent,
1143 1763 1193 1802 ex-

161 1830 287 1908 pulisse,
322 1828 463 1903 solosque
497 1848 574 1903 esse,
609 1827 661 1904 qui
693 1835 815 1905 patrum
846 1835 1020 1888 nostrorum
1051 1829 1195 1905 memoria

162 1916 243 1974 omni
284 1913 385 1973 Gallia
423 1920 534 1973 vexata
566 1914 720 1972 Teutonos
762 1912 961 1989 Cimbrosque
1001 1915 1081 1974 intra
1118 1915 1194 1974 fines

73 2072 75 2077 ,
162 2020 235 2060 suos
266 1999 385 2076 ingredi
417 2000 641 2076 prohibuerint;
677 2019 736 2074 qua
770 2019 807 2058 ex
839 2019 873 2058 re
905 1999 981 2075 fieri,
1016 2001 1062 2059 uti
1091 2021 1195 2059 earum

160 2107 263 2145 rerum
301 2085 444 2144 memoria
483 2105 625 2161 magnam
665 2085 723 2143 sibi
762 2086 974 2144 auctoritatem
1006 2107 1194 2163 magnosque

162 2173 287 2250 spiritus
320 2172 351 2229 in
384 2191 417 2229 re
450 2171 574 2229 militari
615 2178 777 2229 sumerent.
839 2171 886 2230 De
927 2193 1051 2231 numero
1093 2192 1195 2232 eorum

163 2257 263 2317 omnia
295 2277 329 2316 se
361 2257 474 2316 habere
513 2257 668 2334 explorata
706 2256 795 2315 Remi
835 2257 991 2332 dicebant,
1033 2265 1195 2336 propterea

162 2345 244 2420 quod
276 2343 552 2421 propinquitatibus
587 2341 847 2418 affinitatibusque
887 2344 1057 2421 conjuncti,
1099 2365 1193 2420 quan-

161 2438 224 2490 tam
258 2431 386 2505 quisque
419 2429 644 2488 multitudinem
677 2430 708 2487 in
743 2429 894 2488 communi
922 2430 1088 2507 Belgarum
1122 2450 1192 2489 con-

97 2552 99 2558 ·
163 2517 231 2575 cilio
262 2515 301 2574 ad
322 2515 355 2573 id
375 2516 490 2574 bellum
512 2515 666 2592 pollicitus
690 2515 738 2591 sit,
763 2516 969 2591 cognoverint.
1025 2516 1193 2574 Plurimum

162 2602 241 2660 inter
274 2620 326 2659 eos
355 2601 536 2660 Bellovacos
566 2608 596 2659 et
628 2601 740 2660 virtute
771 2610 802 2659 et
832 2602 1012 2660 auctoritate
1041 2610 1071 2659 et
1098 2601 1192 2659 homi-

162 2708 235 2745 num
267 2706 393 2745 numero
425 2686 543 2759 valere,
578 2685 634 2744 hos
664 2705 755 2763 posse
787 2686 935 2746 conficere
966 2695 1082 2746 armata
1111 2688 1194 2745 milia

139 2777 293 2847 centum,
327 2771 479 2849 pollicitos
514 2791 550 2829 ex
584 2791 619 2829 eo
652 2791 777 2830 numero
813 2772 911 2831 electa
945 2774 1006 2832 LX
1038 2774 1192 2848 totiusque

161 2858 234 2918 belli
274 2857 433 2935 imperium
477 2857 536 2915 sibi
574 2857 738 2934 postulare.
801 2856 981 2918 Suessiones
1020 2879 1092 2918 suos
1126 2878 1194 2918 esse

161 2938 318 3018 finitimos,
350 2939 444 3015 [fines]
479 2943 645 3002 latissimos
678 2942 945 3020 feracissimosque
975 2965 1065 3023 agros
1095 2946 1193 3022 possi-

163 3031 244 3089 dere.
300 3029 394 3107 Apud
427 3047 480 3086 eos
514 3027 610 3087 fuisse
643 3049 746 3106 regem
779 3036 885 3088 nostra
919 3032 1009 3089 etiam
1049 3031 1193 3090 memoria

161 3116 357 3190 Divitiacum,
380 3115 474 3173 totius
487 3115 595 3174 Galliae
614 3116 866 3192 potentissimum,
891 3117 943 3191 qui
960 3138 1053 3192 quum
1075 3136 1193 3193 magnae

161 3201 259 3279 partis
291 3201 399 3259 harum
431 3201 598 3277 regionum,
631 3208 696 3259 tum
726 3202 816 3261 etiam
838 3203 1004 3261 Britanniae
1033 3203 1194 3280 imperium

163 3287 343 3361 obtinuerit;
378 3306 458 3344 nunc
490 3306 557 3345 esse
585 3307 689 3364 regem
718 3287 862 3361 Galbam
898 3289 937 3347 ad
965 3289 1045 3347 hunc
1068 3294 1194 3366 propter

158 3372 313 3449 justitiam
345 3371 598 3449 prudentiamque
632 3393 780 3432 summam
820 3375 913 3432 totius
947 3374 1020 3433 belli
1054 3371 1190 3446 [summa]

163 3459 296 3518 omnium
325 3458 482 3518 voluntate
512 3458 638 3531 deferri;
674 3459 786 3537 oppida
815 3461 928 3518 habere
958 3481 1083 3519 numero
1113 3459 1192 3533 XII,

162 3544 299 3622 polliceri
336 3543 419 3602 milia
458 3552 574 3602 armata
615 3545 847 3622 quinquaginta,
890 3546 1017 3604 totidem
1049 3546 1191 3620 Nervios,

163 3631 215 3706 qui
255 3629 383 3688 maxime
424 3628 482 3688 feri
519 3631 599 3688 inter
630 3631 715 3708 ipsos
747 3632 916 3690 habeantur
956 3633 1193 3709 longissimeque

163 3716 278 3790 absint;
302 3715 364 3774 XV
385 3715 468 3774 milia
489 3715 666 3790 Atrebates;
690 3716 858 3775 Ambianos
880 3717 912 3775 X
935 3719 1031 3792 milia;
1055 3718 1192 3776 Morinos

161 3800 256 3861 XXV
278 3801 374 3874 milia,
398 3800 555 3878 Menapios
567 3801 632 3861 VH
650 3803 747 3877 milia,
774 3801 894 3862 Caletos
914 3804 947 3861 X
969 3804 1066 3878 milia;
1090 3803 1203 3863 Velio--

163 3906 268 3945 casses
302 3894 332 3945 et
364 3887 595 3946 Veromanduos
628 3888 770 3963 totidem;
809 3888 989 3948 Aduatucos
1024 3890 1129 3948 decem
1163 3896 1193 3946 et

162 3992 271 4031 novem
293 3972 389 4047 milia3
425 3972 609 4048 Condrusos,
638 3974 807 4048 Eburones,
838 3974 998 4051 Oaeroesos,
1022 3976 1191 4048 PaemanoS,
