2670 4456
601 258 723 313 Lissa
740 259 763 313 1.
1161 270 1200 327 19

89 493 93 498 -
168 454 404 534 praecavendum
454 451 559 513 Oaesar
603 454 804 514 existimabat.
882 454 1021 531 Namque
1066 457 1200 516 omnium

168 563 284 617 rerum,
319 561 386 616 quae
416 538 455 598 ad
482 541 596 599 bellum
624 540 693 599 usui
722 548 823 616 erant,
858 561 975 600 sumina
1005 549 1070 601 erat
1099 542 1131 601 in
1162 563 1197 602 eo

170 627 279 706 oppido
313 625 459 702 facultaS,
493 626 584 704 idque
617 633 726 685 natura
755 626 813 686 loci
847 627 892 686 sic
920 629 1129 704 muniebatur,
1164 637 1198 688 ut

169 734 307 792 magnam
341 712 380 771 ad
413 712 584 771 ducendum
615 712 729 771 bellum
762 713 849 772 daret
881 711 1072 790 facultatem,
1107 736 1197 793 prop-

169 809 253 860 terea
292 799 372 875 quod
411 797 523 858 flumen
561 799 677 873 Dubis,
721 805 756 857 ut
794 799 906 858 circino
946 799 1196 876 circumductum,

168 907 255 965 paene
288 892 385 944 totum
418 885 562 962 oppidum
596 885 704 961 cingit3
745 885 893 961 reliquum
927 886 1074 963 spatium,
1116 888 1198 963 quod

169 981 216 1032 est
242 993 303 1031 non
330 971 459 1048 amplius
487 971 599 1048 pedum
627 978 853 1046 sexcentorum,
889 991 948 1047 qua
970 970 1082 1031 flumen
1104 973 1197 1032 inter-

167 1059 273 1134 mittit,
307 1077 393 1116 mons
424 1058 559 1116 continet
587 1077 698 1133 magna
727 1057 901 1132 altitudine,
936 1058 979 1116 ita
1010 1064 1045 1117 ut
1074 1058 1194 1119 radices

168 1145 278 1204 montis
301 1165 338 1203 ex
360 1151 488 1219 utraque
510 1149 597 1221 parte
619 1143 695 1220 ripae
718 1141 849 1202 fluminis
873 1143 1058 1220 contingant.
1104 1144 1196 1204 Hunc

167 1250 271 1289 murus
305 1229 509 1288 circumdatus
549 1249 649 1287 arcem
688 1227 782 1288 efficit
815 1238 846 1288 et
879 1250 947 1288 cum
980 1230 1091 1308 oppido
1126 1252 1195 1289 con·
1221 1302 1224 1307 Ι

163 1316 275 1394 jungit.
341 1316 410 1375 Huc
445 1314 550 1374 Caesar
587 1315 705 1392 magnis
746 1316 903 1374 nocturnis
938 1314 1114 1392 diurnisque
1148 1317 1196 1376 iti-

167 1403 290 1462 neribus
335 1401 489 1460 contendit
534 1408 742 1477 oocupatoque
786 1401 896 1479 oppido
936 1402 980 1460 ibi
1020 1403 1197 1481 praesidium

168 1489 307 1547 collocat.

252 1573 408 1632 XXXIX.
474 1572 555 1631 Dum
588 1593 702 1650 paucos
737 1573 802 1632 dies
836 1573 875 1631 ad
903 1573 1121 1634 Vesontionem
1152 1575 1198 1634 rei

166 1659 371 1719 frumentariae
405 1664 651 1735 commeatusque
685 1679 779 1718 causa
811 1667 962 1736 moratur,
998 1680 1036 1718 ex
1068 1680 1196 1738 percon-

167 1747 281 1805 tatione
310 1753 483 1804 nostrorum
512 1746 701 1821 vocibusque
731 1745 889 1803 Gallorum
920 1766 955 1804 ac
984 1754 1195 1820 mercatorum,

167 1833 218 1908 qui
249 1832 366 1908 ingenti
397 1831 606 1908 magnitudine
640 1851 800 1908 corporum
834 1830 1020 1907 GermanoS,
1065 1832 1195 1890 incredi-

166 1919 220 1977 bili
251 1919 364 1978 virtute
397 1924 488 1992 atque
518 1918 734 1977 exercitatione
767 1918 798 1975 in
828 1918 919 1977 armis
950 1938 1019 1977 esse
1048 1917 1195 1995 praedica-

165 2005 254 2078 bant,
289 2023 496 2081 saepenumero
531 2024 599 2063 sese
633 2024 701 2084 cum
730 2003 768 2062 iis
799 2024 982 2081 congressos
1011 2024 1050 2062 ne
1078 2004 1196 2064 vultum

167 2090 287 2164 quidem
325 2096 416 2164 atque
456 2089 551 2149 aciem
590 2091 747 2149 oculorum
779 2089 858 2148 ferre
891 2091 1044 2167 potuisse,
1090 2097 1195 2149 tantus

167 2176 267 2234 subito
293 2176 384 2234 timor
406 2195 523 2234 omnem
546 2176 711 2235 exercitum
733 2177 909 2253 occupavit,
943 2182 1060 2235 utnon
1081 2176 1194 2236 medio·

167 2263 257 2320 criter
285 2261 416 2320 omnium
443 2269 561 2321 mentes
591 2263 767 2338 animosque
794 2264 997 2339 perturbaret.
1043 2262 1104 2320 Hic
1133 2263 1195 2340 pri-

164 2369 245 2406 mum
273 2354 357 2406 ortus
381 2354 428 2406 est
451 2369 468 2405 a
490 2349 620 2407 tribunis
642 2349 784 2421 militum,
815 2347 971 2424 praefectis
994 2348 1193 2423 reliquisque,

165 2435 216 2508 qui
245 2453 282 2493 ex
309 2434 384 2493 urbe
414 2434 554 2492 amicitiae
585 2454 677 2492 causa
706 2433 859 2492 Caesarem
889 2433 986 2493 secuti
1019 2453 1080 2491 non
1111 2454 1194 2511 mag·
1286 2455 1288 2459 ¹

164 2540 236 2578 num
267 2521 298 2578 in
331 2539 364 2577 re
393 2519 516 2578 militari
549 2539 637 2578 usum
666 2520 834 2593 habebant;
870 2539 998 2594 quorum
1027 2509 1104 2578 alius
1136 2520 1197 2579 alia

165 2624 257 2664 causa
288 2606 388 2680 illata,
424 2626 513 2680 quam
547 2606 605 2665 sibi
635 2605 674 2664 ad
703 2598 967 2683 proficiscendum
987 2607 1195 2665 necessariam

165 2710 232 2750 esse
259 2691 388 2766 diceret,
422 2694 560 2769 petebat,
593 2699 625 2750 ut
655 2691 721 2768 ejus
749 2693 905 2752 voluntate
934 2692 1092 2751 discedere
1120 2693 1194 2752 lice·

164 2784 210 2836 ret
217 2797 223 2851 3
268 2777 404 2835 nonnulli
437 2777 553 2855 pudore
587 2777 726 2853 adducti,
766 2785 801 2836 ut
833 2778 950 2837 timoris
987 2778 1194 2854 suspicionem
1267 2838 1270 2844 ,

163 2863 308 2938 vitarent,
342 2865 548 2937 remanebant.
593 2865 635 2927 Hi
667 2884 766 2939 neque
799 2864 917 2924 vultum
949 2863 1064 2941 fingere
1094 2885 1193 2940 neque

163 2949 315 3007 interdum
341 2949 482 3008 lacrimas
511 2957 614 3008 tenere
642 2957 797 3027 poterant,
833 2951 930 3008 abditi
959 2951 991 3009 in
1013 2951 1192 3009 tabemacu-

162 3033 201 3092 lis
234 3041 287 3093 aut
319 3054 406 3093 suum
439 3035 535 3094 fatum
563 3037 782 3111 querebantur,
816 3044 868 3095 aut
897 3057 965 3095 cum
992 3034 1193 3095 familiaribus

164 3119 227 3178 suis
272 3141 428 3180 commune
471 3122 638 3199 periculum
681 3123 913 3181 miserabantur.
973 3122 1074 3198 Vulgo
1120 3123 1193 3182 totis

164 3207 274 3265 castris
306 3213 488 3266 testamenta
522 3208 770 3284 obsignabantur.
837 3209 955 3266 Horum
995 3209 1122 3268 vocibus
1158 3229 1193 3268 ac

163 3291 269 3351 timore
297 3292 443 3370 paulatim
470 3295 561 3352 etiam
587 3294 623 3369 ii,
659 3294 710 3369 qui
737 3315 880 3370 magnum
907 3295 939 3353 in
968 3295 1078 3353 castris
1104 3314 1193 3353 usum

162 3377 329 3453 habebant,
363 3379 474 3437 milites
505 3380 770 3455 centurionesque,
807 3381 918 3455 quique
942 3381 1090 3455 equitat-ui
1113 3402 1192 3458 prae-

163 3471 263 3540 erant,
297 3465 562 3541 perturbabantur.
621 3465 680 3536 Qui
713 3485 747 3524 se
780 3487 818 3524 ex
850 3467 899 3525 his
932 3468 1032 3525 minus
1066 3467 1192 3526 timidos

164 3549 328 3608 existimari
361 3551 518 3626 volebant,
552 3572 614 3610 non
647 3572 680 3610 se
709 3552 829 3610 hostem
858 3553 973 3628 vereri,
1009 3552 1064 3611 sed
1096 3572 1191 3628 angu-

163 3635 238 3694 stias
265 3636 382 3694 itineris
411 3643 441 3694 et
469 3637 707 3714 magnitudinem
734 3638 894 3713 silvarum,
929 3659 997 3714 quae
1019 3638 1191 3697 intercede-

162 3727 231 3779 rent
262 3721 342 3781 inter
373 3722 457 3799 ipsos
492 3730 582 3798 atque
610 3723 813 3799 Ariovistum,
849 3732 901 3782 aut
929 3745 994 3783 rem
1023 3723 1190 3782 fruinenta-

162 3807 252 3882 riam,
282 3815 317 3865 ut
344 3808 419 3866 satis
449 3809 604 3879 commode
627 3811 801 3886 supportari
822 3817 942 3887 posset,
977 3811 1084 3868 timere
1108 3809 1190 3868 dice-

106 3962 110 3968 ,
162 3892 245 3951 bant.
289 3893 433 3952 Nonnulli
468 3894 555 3952 etiam
589 3893 703 3953 Gaesari
731 3897 925 3971 nuntiabant,
961 3917 1053 3970 quum
1088 3903 1191 3954 castra

952 3991 988 4045 231*
