2670 4456
161 293 201 351 86
461 283 514 336 DE
533 282 660 337 BELLO
679 282 858 339 GALLIOO.

162 500 220 556 que
242 484 362 557 partem
385 496 454 536 esse
476 485 587 537 tutam:
612 478 638 537 si
660 477 736 537 nihil
753 485 837 538 esset
855 477 970 552 durius,
994 477 1077 537 nullo
1096 497 1167 538 cum

161 565 296 643 periculo
321 563 360 622 ad
387 563 555 641 proximam
585 564 735 640 legionem
763 570 980 642 perventuros;
1011 563 1038 623 si
1067 564 1169 624 Gallia

162 650 260 710 omnis
284 669 352 709 cum
376 648 537 708 Germanis
561 650 766 724 consentiret,
784 669 875 708 unam
904 669 973 708 esse
1000 649 1032 708 in
1062 649 1167 710 celeri·

161 744 225 795 tate
247 735 379 812 positam
402 735 542 793 salutem.
589 734 687 794 Oottae
710 735 833 810 quidem
856 742 947 811 atque
971 755 1084 810 eorum,
1116 735 1168 810 qui

163 821 371 894 dissentirent,
395 820 556 879 consilium
579 840 668 895 quem
690 821 817 879 haberet
839 821 974 879 exitum?
1003 821 1035 879 in
1058 840 1118 896 quo
1142 821 1169 880 si

162 928 223 966 non
256 925 394 984 praesens
426 905 606 983 periculum,
643 913 675 964 at
704 912 787 964 certe
813 906 980 982 longinqua
1008 905 1168 965 obsidione

162 992 262 1052 fames
286 999 369 1051 esset
390 991 535 1051 timenda.

246 1076 353 1136 XXX.
388 1077 456 1135 Hac
478 1077 509 1135 in
531 1084 692 1152 utramque
713 1085 831 1154 partem
854 1075 1060 1155 disputatione
1081 1077 1168 1137 habi-

162 1172 204 1239 ta,
228 1183 321 1238 quum
343 1183 361 1220 a
384 1161 474 1221 Ootta
494 1162 661 1240 primisque
684 1163 840 1222 ordinibus
870 1162 981 1221 acriter
1010 1163 1169 1222 resistere-

166 1257 231 1308 tur:
254 1247 387 1322 Vincite,
410 1247 517 1322 inquit,
542 1249 568 1306 si
587 1248 631 1306 ita
650 1249 753 1323 vultis,
777 1248 918 1322 Sabinus
943 1255 975 1306 et
990 1247 1023 1305 id
1041 1249 1169 1308 clariore

164 1353 250 1408 voce,
274 1341 308 1393 ut
329 1353 440 1410 magna
461 1353 534 1410 pars
564 1333 693 1391 militum
717 1333 890 1407 exaudiret,
919 1353 1019 1409 neque
1040 1334 1067 1392 is
1091 1354 1168 1408 sum,

164 1420 272 1495 inquit,
298 1418 350 1494 qui
373 1419 553 1495 gratissime
577 1439 614 1478 ex
637 1419 725 1479 vobis
747 1419 854 1478 mortis
876 1419 1012 1496 periculo
1035 1427 1167 1492 terrear3

163 1506 195 1564 hi
218 1505 244 1564 si
267 1505 396 1582 sapient,
420 1504 447 1563 si
468 1505 593 1580 gravius
617 1505 690 1581 quid
709 1504 863 1579 acciderit,
887 1505 943 1563 abs
965 1512 996 1564 te
1020 1505 1170 1565 rationem

163 1597 341 1669 reposcent;
377 1589 438 1665 qui,
475 1590 501 1648 si
534 1611 589 1667 per
622 1598 653 1649 te
686 1590 788 1664 liceat,
821 1589 987 1668 perendino
1022 1590 1071 1650 die
1101 1611 1170 1649 cum

164 1676 312 1755 proximis
345 1675 481 1734 hibernis
520 1676 674 1752 conjuncti
709 1695 897 1734 communem
936 1695 1006 1734 cum
1043 1676 1170 1752 reliquis

165 1763 238 1822 belli
261 1781 366 1821 casum
389 1761 570 1835 sustineant,
593 1782 655 1820 non
676 1760 785 1837 rejecti
807 1769 838 1820 et
859 1762 988 1838 relegati
1016 1761 1108 1839 longe
1131 1763 1168 1822 ab

165 1847 274 1907 ceteris
298 1855 351 1906 aut
373 1846 454 1906 ferro
478 1855 532 1906 aut
552 1839 634 1906 'fame
656 1847 817 1906 intereant.

250 1932 376 1990 XXXI.
429 1931 628 2009 Consurgitur
657 1952 694 1991 ex
731 1932 870 2005 consilio;
910 1931 1170 2009 comprehendunt

165 2026 327 2092 utrumque
361 2025 392 2076 et
425 2026 522 2092 orant,
556 2038 595 2076 ne
628 2037 684 2076 sua
711 2018 902 2077 dissensione
938 2024 968 2075 et
1002 2018 1171 2095 pertinacia

164 2124 230 2163 rem
251 2103 283 2162 in
305 2121 455 2162 summum
477 2102 646 2181 periculum
669 2103 835 2163 deducant:
860 2101 982 2161 facilem
1004 2122 1072 2162 esse
1095 2123 1169 2179 rem,

168 2210 223 2249 seu
244 2196 396 2264 maneant,
428 2208 482 2248 seu
505 2188 748 2267 proficiscantur,
778 2189 805 2248 si
832 2188 921 2247 modo
950 2209 1044 2247 unum
1066 2208 1170 2248 omnes

166 2276 300 2335 sentiant
334 2294 369 2333 ac
401 2275 548 2352 probent,
583 2282 690 2334 contra
715 2275 747 2333 in
776 2274 966 2333 dissensione
1001 2274 1114 2333 nullam
1137 2293 1171 2334 se

165 2362 294 2421 salutem
321 2361 505 2440 perspicere.
558 2361 621 2420 Res
644 2359 849 2438 disputatione
878 2359 916 2417 ‘ad
943 2359 1074 2418 mediam
1101 2380 1172 2420 noc·

164 2456 228 2506 tem
249 2446 442 2525 perducitur;
466 2446 591 2505 tandem
614 2445 667 2505 dat
681 2444 771 2505 Cotta
792 2451 951 2522 permotus
972 2465 1096 2521 manus;
1122 2465 1172 2505 su·

165 2539 254 2611 perat
281 2531 433 2590 sententia
456 2531 577 2605 Sabini,
607 2530 820 2609 pronuntiatur
847 2530 947 2608 prima
969 2531 1037 2590 luce
1064 2531 1171 2591 ituros.

167 2616 363 2676 Consumitur
389 2616 503 2692 vigiliis
525 2617 644 2691 reliqua
665 2635 737 2694 pars
759 2615 869 2692 1100110,
894 2637 987 2691 quum
1010 2635 1066 2676 sua
1088 2616 1172 2692 quis-

167 2723 226 2778 que
259 2702 346 2759 miles
378 2701 640 2778 circumspiceret,
670 2701 743 2776 quid
772 2721 877 2760 secum
904 2709 1028 2779 portare
1055 2710 1172 2779 posset,

168 2786 241 2863 quid
271 2806 308 2845 ex
335 2786 537 2844 instrumento
567 2786 763 2845 hibernorum
790 2787 963 2862 relinquere
1000 2794 1170 2864 cogeretur.

168 2872 278 2931 Omnia
300 2871 521 2948 excogitantur,
545 2890 640 2946 quare
662 2881 718 2930 nec
742 2872 808 2931 sine
835 2873 971 2950 periculo
1002 2879 1171 2947 maneatur,

167 2966 198 3017 et
236 2959 382 3034 languore
421 2956 551 3016 militum
593 2964 624 3016 et
656 2957 770 3034 vigiliis
803 2958 974 3036 periculum
1013 2966 1170 3035 augeatur.

165 3043 269 3102 Prima
290 3043 358 3102 luce
381 3042 425 3102 sic
448 3062 486 3100 ex
509 3043 619 3102 castris
638 3042 882 3120 proficiscuntur,
906 3051 940 3102 ut
958 3044 1069 3119 quibus
1089 3052 1172 3104 esset

167 3147 358 3208 persvasum,
392 3148 454 3187 non
482 3130 519 3188 ab
549 3128 651 3203 hoste,
682 3128 737 3187 sed
771 3130 809 3187 ab
839 3129 959 3187 homine
988 3129 1171 3189 amicissimo

169 3211 366 3290 [Ambiorige]
397 3214 556 3273 consilium
584 3214 704 3289 datum,
734 3214 911 3291 longissimo
934 3215 1054 3292 agmine
1076 3216 1171 3274 maxi-

168 3299 287 3375 misque
309 3298 544 3375 impedimentis.

252 3383 395 3443 XXXII.
430 3385 473 3442 At
494 3385 599 3445 hostes
615 3391 816 3462 posteaquam
834 3405 871 3444 ex
888 3392 1036 3445 nocturno
1048 3383 1172 3444 fremitu

166 3469 340 3546 vigiliisque
363 3469 402 3527 de
423 3469 613 3548 profectione
636 3490 740 3529 eorum
758 3479 929 3546 senserrmt,
950 3471 1107 3530 collocatis
1126 3471 1173 3529 in-'

117 3569 121 3578 '
167 3556 254 3616 sidiis
282 3554 426 3632 bipertito
455 3555 487 3614 in
515 3555 602 3615 silvis
633 3562 803 3633 opportuno
835 3563 925 3631 atque
955 3556 1074 3615 occulto
1103 3556 1171 3615 1000

171 3662 189 3699 a
211 3639 336 3699 milibus
366 3659 513 3718 passuum
543 3641 664 3700 circiter
687 3641 806 3700 duobus
828 3642 1036 3701 Romanorum
1058 3640 1172 3702 adven-

166 3734 233 3785 tum
267 3726 485 3803 expectabant3
521 3731 553 3784 et
586 3745 679 3801 quum
713 3745 746 3785 se
774 3727 871 3804 major
893 3746 966 3805 pars
989 3727 1118 3803 agminis
1140 3728 1172 3786 111

166 3832 308 3889 magnam
343 3812 512 3872 convallem
540 3810 728 3886 demisisset,
759 3832 797 3871 ex
825 3820 956 3888 utraque
985 3819 1073 3890 parte
1102 3811 1170 3889 ejus

166 3897 257 3958 vallis
280 3898 380 3956 subito
404 3917 437 3957 se
467 3895 681 3972 ostenderunt,
710 3899 955 3974 novissimosque
977 3916 1115 3976 premere
1139 3905 1170 3958 01
