2670 4456
114 271 117 278 '
162 263 203 320 46
457 255 510 309 DE
527 253 655 309 BELLO
675 251 855 309 GALLIGO.

162 451 269 530 proelio
304 449 510 528 compluribus
544 449 715 509 confectum
748 448 925 508 vulneribus
959 448 1100 524 diximus
1136 458 1167 510 et

162 539 236 597 item
270 537 307 595 G.
336 537 524 612 Volusenus,
558 536 698 595 tribunus
731 535 869 609 militurn,
903 534 951 595 vir
985 541 1016 593 et
1048 536 1166 596 consilii

162 623 264 701 magni
298 630 329 681 et
360 622 483 683 virtutis
517 622 556 681 ad
591 622 720 681 Galbam
754 628 916 680 accmrrmt
955 626 1045 695 atque
1073 642 1165 681 unam

164 729 233 768 esse
256 727 342 786 spem
364 708 471 768 salutis
495 706 613 784 docent,
645 707 672 766 si
702 707 858 784 emptione
885 705 970 765 facta
998 714 1165 767 extremum

164 795 309 854 auxilium
344 793 562 872 experirentur.
629 794 738 869 Itaque
772 791 947 853 convocatis
983 793 1165 852 centurioni·

165 882 222 940 bus
246 879 386 939 celeriter
408 880 519 940 milites
548 879 693 938 certiores
721 877 804 953 facit,
832 878 989 956 paulisper
1018 879 1165 938 intermit-

165 973 265 1026 terent
292 966 433 1044 prcelium
466 986 501 1024 ac
534 965 742 1024 tantummodo
775 965 838 1022 tela
870 964 964 1022 missa
991 965 1166 1043 exciperent

165 1072 258 1128 seque
281 1071 318 1110 ex
339 1051 443 1110 labore
471 1050 640 1127 reficerent,
667 1059 739 1129 post
768 1050 839 1109 dato
874 1050 960 1127 signo
990 1070 1027 1108 ex
1055 1052 1165 1110 castris

164 1145 357 1216 erumperent
390 1145 481 1212 atque
515 1157 633 1196 emnem
661 1156 747 1214 spem
780 1135 888 1194 salutis
915 1136 946 1194 in
975 1136 1089 1195 virtute
1111 1158 1164 1215 po·

45 1242 48 1247 ⁴
163 1231 279 1284 nerent.

249 1309 305 1368 VI.
352 1307 442 1379 Quod
459 1307 540 1384 jussi
564 1314 643 1383 sunt,
672 1307 803 1381 faciunt,
832 1327 867 1365 ac
895 1307 996 1366 subito
1025 1308 1165 1368 omnibus

163 1395 260 1473 portis
291 1394 449 1472 eruptione
481 1392 565 1452 facta
596 1413 695 1469 neque
729 1392 941 1472 cognoscendi,
973 1393 1046 1468 quid
1067 1392 1162 1470 fieret,

164 1501 263 1557 neque
286 1480 333 1539 sui
356 1479 519 1557 colligendi
539 1479 679 1538 hostibus
701 1475 881 1538 facultatem
897 1479 1081 1553 relinquunt.
1115 1481 1166 1540 Ita

165 1573 350 1626 commutata
371 1564 495 1624 fortuna
517 1584 585 1639 eoa,
620 1566 672 1641 qui
698 1566 731 1624 in
759 1584 845 1643 spem
872 1564 1087 1642 potiundorum
1115 1586 1164 1625 ca·

165 1661 298 1712 strorum
319 1658 482 1725 venerant,
513 1650 647 1726 undique
675 1652 897 1712 circumventos
926 1649 1112 1709 interficiunt
1135 1660 1165 1711 et

165 1759 202 1798 ex
235 1738 390 1797 hominum
422 1737 544 1796 milibus
578 1738 707 1815 amplius
740 1736 848 1812 XXX,
883 1756 973 1812 quem
1004 1757 1164 1796 numerum

163 1826 362 1882 barbarorum
395 1822 434 1881 ad
468 1830 569 1882 castra
601 1824 723 1883 venisse
762 1824 938 1894 constabat,
971 1822 1041 1899 plus
1074 1825 1165 1882 tertia

164 1917 251 1987 parte
274 1908 436 1968 interfecta
457 1908 591 1984 reliquos
613 1909 792 1986 perterritos
814 1909 846 1966 in
872 1907 978 1984 fugam
1001 1908 1166 1985 conjiciunt

165 2016 201 2054 ac
233 2015 272 2053 ne
293 1995 325 2052 in
357 1993 433 2051 locis
462 1994 584 2068 quidem
613 1995 820 2072 superioribus
850 1994 1017 2053 consistere
1043 1996 1164 2073 patiun-

164 2089 224 2140 tur.
270 2079 320 2138 Sic
343 2079 475 2138 omnium
497 2079 630 2138 hostium
653 2080 748 2158 copiis
775 2078 854 2138 fusis
883 2080 1035 2155 armisque
1064 2082 1164 2140 exutis

166 2187 199 2225 se
228 2167 260 2224 in
289 2171 390 2224 castra
418 2165 660 2241 munitionesque
688 2185 759 2224 suas
781 2165 940 2243 recipiunt.
987 2165 1054 2237 Quo
1082 2187 1163 2244 prue-

164 2253 205 2312 lio
227 2251 320 2327 facto,
344 2251 426 2327 quod
453 2252 566 2329 saepius
595 2250 750 2310 fortunam
778 2258 897 2310 tentare
920 2251 1019 2310 Galba
1040 2252 1165 2311 nolebat

165 2347 256 2415 atque
290 2338 348 2397 alio
382 2356 416 2396 se
449 2338 481 2397 in
513 2337 639 2398 hiberna
673 2337 798 2397 consilio
826 2337 948 2397 venisse
977 2339 1164 2414 meminerat,

165 2425 232 2483 aliis
254 2424 423 2484 occurrisse
444 2425 537 2482 rebus
555 2424 688 2500 videbat,
707 2423 836 2482 maxime
852 2421 998 2482 frumenti
1017 2443 1165 2483 commea-

165 2518 277 2586 tusque
306 2510 409 2588 inopia
437 2517 593 2587 permotus
621 2517 745 2588 postero
775 2508 824 2568 die
853 2509 994 2568 omnibus
1017 2509 1084 2585 ejus
1106 2511 1166 2569 vici

165 2595 301 2654 aedificiis
334 2595 467 2654 incensis
499 2595 531 2652 in
563 2595 752 2673 provinciam
783 2595 897 2655 reverti
931 2594 1095 2669 contendit,
1131 2616 1167 2654 ac

164 2681 248 2739 nullo
281 2680 370 2738 hoste
402 2680 583 2757 prohibente
612 2688 665 2740 aut
692 2681 752 2739 iter
780 2680 955 2738 demorante
983 2681 1166 2740 incolumem

165 2767 315 2842 legionem
348 2765 379 2824 in
411 2764 598 2841 Nantuates,
637 2765 708 2824 inde
740 2766 772 2824 in
803 2766 985 2843 Allobroges
1024 2767 1167 2845 perduxit

165 2852 267 2927 ibique
289 2850 443 2911 hiemavit.

249 2937 323 2997 VII.
368 2937 427 2995 His
450 2937 542 2995 rebus
564 2936 675 3014 gestis,
707 2956 800 3012 quum
828 2937 966 2996 omnibus
996 2937 1034 2996 de
1064 2939 1165 2997 causis

164 3023 268 3083 Caesar
300 3029 441 3101 pacatam
475 3022 606 3081 Galliam
639 3022 826 3082 existimaret
859 3023 1013 3100 superatis
1046 3024 1163 3101 Belgis,

164 3109 299 3187 expulsis
322 3109 491 3184 Germanis,
514 3108 604 3169 victis
626 3108 658 3166 in
679 3107 810 3186 Alpibus
834 3107 979 3184 SeduniS,
1003 3116 1095 3184 atque
1123 3110 1166 3168 ita

163 3196 238 3254 inita
259 3195 357 3253 hieme
379 3194 411 3252 in
433 3194 592 3272 Hlyn'cum
614 3192 772 3272 profectus
795 3202 886 3269 esset,
911 3194 993 3269 qued
1016 3215 1068 3254 eas
1091 3216 1164 3270 quo-

165 3300 223 3356 que
245 3281 385 3338 nationes
408 3279 492 3338 adire
523 3287 554 3339 et
579 3281 719 3357 regiones
742 3299 926 3356 cognoscere
953 3280 1085 3356 volebat,
1115 3301 1165 3340 su-

163 3366 262 3424 bitum
290 3364 405 3423 bellum
432 3365 464 3424 in
492 3365 593 3425 Gallia
620 3372 756 3425 coortum
785 3372 841 3424 est.
891 3365 969 3442 Ejus
996 3367 1069 3426 belli
1097 3366 1164 3425 haec

163 3451 223 3510 fuit
245 3470 346 3510 cansa.
391 3451 426 3509 P.
451 3450 581 3511 Crassus
604 3450 782 3510 adolescens
804 3470 873 3510 cum
894 3451 1013 3528 legione
1036 3453 1166 3530 septima

163 3537 319 3615 proximus
342 3556 425 3595 mare
443 3535 599 3596 Oceanum
621 3536 807 3596 inAndibus
825 3537 981 3597 hiemaret.
1015 3538 1059 3613 Is,
1084 3537 1166 3612 quod

163 3625 195 3681 in
216 3623 263 3682 his
285 3622 361 3682 locis
383 3622 484 3700 inopia
505 3621 650 3682 frumenti
673 3629 747 3698 erat,
770 3621 935 3700 praefectos
964 3623 1165 3699 tribunosque

164 3709 293 3767 militum
317 3708 487 3786 complures
514 3709 546 3766 in
572 3706 716 3767 finitimas
744 3708 885 3769 civitates
913 3709 1059 3768 frumenti
1082 3729 1163 3768 com-

163 3802 342 3870 meatusque
374 3793 498 3872 petendi
532 3813 625 3853 causa
652 3793 774 3870 dimisit,
805 3815 864 3871 quo
893 3796 924 3854 in
951 3801 1079 3854 numero
1099 3803 1165 3854 erat

152 3880 198 3937 T.
229 3879 432 3955 Terrasidius,
462 3880 575 3939 missus
601 3880 633 3938 in
655 3880 804 3955 Esurios,
836 3881 878 3938 M.
902 3881 1031 3940 Trebius
1055 3881 1163 3939 Gallus

166 3966 198 4023 in
226 3964 440 4041 Curiosolitas,
471 3965 506 4037 Q.
529 3965 676 4026 Velanius
707 3985 775 4024 cum
804 3965 838 4024 T.
863 3965 935 4026 Silio
964 3967 996 4026 in
1017 3967 1163 4026 Venetos.
