2670 4456
556 157 676 211 Lmen
700 159 765 214 vn.
1110 168 1169 226 157

164 356 211 408 tes
235 359 407 426 occurrunt,
430 352 465 411 iit
487 373 597 430 magna
621 354 730 412 caedes.
767 352 918 429 Sedulius,
942 353 1004 413 dux
1027 362 1058 413 et
1080 355 1163 433 prin-

165 456 237 513 ceps
261 438 466 514 Lemovicum,
490 439 653 513 occiditur;
676 439 982 501 Vercassivellaunus
1005 440 1166 501 Arvernus

164 523 253 583 vivus
275 523 306 580 in
328 523 403 602 fuga
426 524 708 603 comprehenditur;
738 526 827 602 signa
854 525 995 585 militaria
1024 526 1167 586 LXXIV

164 608 203 667 ad
227 607 380 668 Oaeserem
402 611 588 685 referuntur;
618 612 708 689 pauci
732 631 769 671 ex
797 619 881 671 tanto
910 632 1034 672 numero
1066 632 1100 672 se
1122 613 1168 672 in-

166 695 301 754 columes
324 696 355 754 in
378 704 480 755 castre
502 697 662 775 recipiunt.
713 697 891 775 Conspicati
915 717 952 756 ex
975 697 1087 777 oppido
1111 719 1168 758 cae-

165 780 234 838 dem
257 787 287 839 et
309 781 413 859 fugam
437 802 559 842 suorum
582 782 745 861 desperata
767 783 866 845 salute
889 784 993 860 copias
1025 804 1043 843 a
1072 786 1167 843 muni·

165 866 297 924 tionibus
319 868 477 927 reducunt.
512 869 564 928 Hit
585 869 724 946 protinus
741 870 799 928 hac
815 889 849 928 re
867 868 971 927 audita
996 889 1032 928 ex
1060 871 1170 929 castris

166 951 322 1010 Gallorum
345 953 428 1030 fuga.
482 955 570 1026 Quod
599 956 658 1013 nisi
686 955 802 1014 crebris
832 954 978 1014 subsidiis
1007 975 1044 1014 ac
1073 956 1168 1014 totius

166 1036 226 1095 diei
248 1038 351 1097 labore
374 1040 484 1099 milites
508 1048 612 1100 essent
634 1039 759 1115 defessi,
783 1060 887 1099 omnes
914 1039 1050 1099 hostium
1072 1041 1169 1119 copiae

166 1122 261 1181 deleri
293 1126 474 1201 potuissent.
525 1127 573 1185 De
606 1127 713 1208 media¹
740 1136 829 1186 nocte
863 1127 974 1184 missus
1009 1127 1165 1202 equitatus

165 1209 362 1268 novissimum
386 1204 728 1288 agmen'consequitum
759 1232 887 1289 magnus
916 1231 1059 1271 numerus
1088 1213 1169 1291 capi·

166 1302 217 1352 tur
244 1302 336 1371 atque
365 1297 560 1372 interficitur;
589 1299 697 1375 reliqui
721 1319 759 1358 ex
787 1297 862 1375 fuga
890 1299 919 1356 in
943 1298 1084 1358 civitates
1107 1298 1169 1357 dis-

166 1381 285 1439 cedunt.

250 1467 436 1527 LXXXIX.
482 1469 610 1528 Postero
628 1470 677 1528 die
689 1469 922 1547 Vercingetorix
945 1469 1072 1529 concilio
1097 1490 1167 1529 con·

166 1559 276 1612 vocato
310 1554 342 1612 id
364 1556 478 1613 bellum
501 1575 534 1614 se
563 1557 739 1634 suscepisse
767 1576 827 1614 non
856 1574 979 1614 suarum
1000 1557 1168 1615 necessita-

165 1646 239 1713 tum,
275 1640 330 1697 sed
371 1642 538 1699 communis
583 1642 734 1701 libertatis
776 1661 869 1700 causa
903 1640 1091 1700 domonstrat
1129 1648 1169 1717 et,

165 1725 306 1799 quoniam
340 1727 380 1785 sit
413 1726 543 1786 fortunae
578 1727 756 1803 cedendum,
791 1727 830 1786 ad
853 1734 1011 1802 utramque
1040 1747 1104 1786 rem
1136 1747 1169 1786 se

164 1809 224 1868 illis
259 1810 380 1887 offerre,
415 1832 470 1871 seu
506 1821 602 1872 morte
636 1834 691 1873 sua
724 1813 871 1872 Romanis
904 1812 1083 1872 satisfacere
1115 1832 1169 1872 sen

165 1897 269 1954 vivum
290 1898 413 1957 tradere
435 1899 538 1959 velint.
584 1900 747 1958 Mittuntur
770 1899 808 1959 de
830 1899 878 1958 his
902 1901 992 1959 rebus
1015 1898 1054 1957 ad
1067 1898 1169 1958 Oaesa-

164 2002 229 2040 rem
251 1982 353 2060 legati.
398 1985 495 2044 Jubet
518 2006 601 2046 arma
623 1986 713 2062 tradi,
736 1986 891 2064 principes
913 1984 1050 2063 produci.
1095 1986 1169 2063 Ipse

164 2068 193 2125 in
218 2068 383 2130 munitione
407 2091 461 2148 pro
491 2073 600 2131 castris
628 2072 780 2145 consedit;
816 2093 851 2131 eo
875 2071 969 2130 duces
993 2070 1166 2148 producun-

163 2160 222 2211 tur.
267 2155 500 2233 Vercingetorix
523 2157 653 2233 deditur,
683 2179 767 2216 arma
794 2157 1003 2236 projiciuntur.
1053 2155 1165 2214 Reser-

164 2240 244 2299 vatis
267 2240 396 2300 Haeduis
420 2250 511 2318 atque
533 2244 696 2319 Arvernis,
727 2244 753 2302 si
786 2263 842 2320 per
871 2261 923 2301 eos
952 2241 1093 2301 civitates
1120 2261 1167 2300 re-

166 2345 311 2402 cuperare
333 2336 449 2405 posset,
479 2348 515 2387 ex
546 2330 671 2405 reliquis
701 2329 830 2408 captivis
859 2327 916 2387 toti
945 2326 1089 2386 exercitui
1119 2347 1167 2385 ca-

164 2412 228 2487 pita
251 2413 371 2490 singula
393 2414 506 2492 praedae
529 2416 649 2474 nomine
672 2414 836 2474 distribuit.

249 2498 318 2557 XO.
362 2500 420 2558 His
443 2503 535 2559 rebus
558 2500 706 2560 confectis
728 2502 759 2559 in
783 2500 920 2559 Haeduos
953 2496 1166 2576 proficiscitur,

166 2582 321 2642 civitatem
343 2586 460 2664 recipit.
505 2588 552 2645 Eo
575 2587 669 2664 legati
682 2589 719 2646 ab
731 2587 879 2647 Arvernis
902 2585 998 2659 missi,
1022 2604 1090 2660 quae
1113 2584 1167 2643 im·

164 2675 294 2744 peraret,
319 2690 352 2730 se
375 2671 510 2732 lecturos
533 2673 723 2751 pollicentur.
768 2673 905 2752 Imperat
936 2690 1079 2749 magnum
1112 2691 1166 2729 nu·

163 2774 280 2813 merum
303 2758 451 2816 obsidum.
497 2759 649 2837 Legiones
676 2760 707 2818 in
738 2760 865 2818 hiberna
892 2758 1000 2827 mittit;
1031 2756 1166 2835 captivo·

164 2860 232 2898 rum
254 2841 376 2902 circiter
398 2845 464 2902 XX
485 2846 569 2904 milia
597 2846 726 2904 Haeduis
755 2845 964 2918 Arvernisque
991 2841 1106 2909 reddit;
1130 2843 1165 2899 Τ.

163 2926 333 2985 Labienum
356 2929 475 2990 duabus
499 2952 567 2989 cum
589 2932 760 3008 legionibus
784 2938 814 2990 et
838 2931 974 3006 equitatu
996 2927 1027 3013 in
1052 2927 1166 3002 Sequa-

164 3032 219 3069 nos
248 3012 399 3089 proficisci
424 3016 529 3092 jubet;
553 3018 623 3076 huic
651 3019 693 3075 M.
723 3017 933 3094 Sempronium
961 3013 1100 3071 Rutilum
1122 3020 1166 3072 at-

164 3097 283 3173 tribuit3
309 3099 346 3159 G.
369 3101 499 3160 Fabium
520 3104 655 3180 legatum
679 3110 709 3162 et
721 3104 757 3160 L.
770 3101 937 3161 Minucium
947 3098 1084 3157 Basilum
1097 3118 1166 3157 curn

163 3183 333 3259 legionibus
358 3187 476 3247 duabus
499 3188 529 3246 in
552 3189 657 3248 Remis
682 3189 820 3261 collocat,
848 3207 887 3246 ne
910 3206 1000 3262 quam
1030 3185 1068 3243 ab
1099 3182 1166 3243 fini-

163 3269 246 3327 timis
264 3270 440 3332 Bellovacis
460 3275 663 3334 calamitatem
681 3275 840 3353 accipiant.
876 3272 913 3331 G.
926 3271 1094 3331 Antistium
1105 3270 1166 3329 Re-

163 3355 267 3430 ginum
290 3357 320 3415 in
342 3359 567 3436 Ambiuaretos,
591 3360 625 3419 T.
650 3361 786 3420 Sextium
807 3360 838 3418 in
860 3358 1026 3436 Bituriges,
1052 3357 1088 3416 G.
1110 3355 1166 3415 Ga-

163 3441 278 3499 ninium
311 3443 453 3504 Rebilum
489 3447 518 3504 in
558 3448 696 3506 Rutenos
733 3466 800 3505 cum
835 3445 963 3522 singulis
996 3441 1167 3519 legionibus

163 3527 264 3586 mittit.
311 3527 347 3600 Q.
372 3531 503 3590 Tullium
526 3531 701 3592 Ciceronem
724 3540 755 3591 et
776 3532 810 3590 P.
831 3531 998 3610 Sulpicium
1017 3527 1166 3587 Cavillcni

164 3619 194 3669 et
216 3613 386 3675 Matiscone
407 3617 439 3675 in
461 3617 590 3677 Haeduis
613 3619 652 3678 ad
663 3618 783 3678 Ararim
795 3618 839 3677 rei
850 3614 1055 3677 frumentariae
1074 3632 1167 3671 causa

164 3698 302 3757 collocat.
336 3701 411 3778 Ipse
423 3703 568 3762 Bibracte
590 3704 724 3764 hiemare
748 3702 913 3764 constituit.
958 3699 1017 3759 His
1036 3696 1164 3772 [litteris]

165 3785 294 3858 cognitis
317 3785 423 3846 Romae
448 3788 566 3847 dierum
587 3790 652 3849 XX
675 3789 857 3869 supplicatio
879 3785 1026 3846 redditur.
