2670 4456
590 251 710 305 LIBER
728 252 766 307 II.
817 296 820 303 .
1151 264 1189 320 31
1272 300 1275 305 .

164 452 216 529 qui
259 471 320 509 uno
363 448 484 508 nomine
529 447 673 507 Germani
718 450 924 527 appellantur,
970 449 1110 509 arbitrari
1154 450 1194 509 ad

163 538 223 597 XL
247 537 338 596 milia.

248 624 286 683 V.
334 621 438 680 Oaesar
460 621 573 679 Remos
597 621 776 680 cohortatus
799 621 1026 696 liberaliterque
1058 622 1194 681 oratione

163 714 345 788 prosecutus
369 727 489 766 omnem
517 713 659 765 senatum
688 707 727 765 ad
756 726 790 765 66
819 707 981 766 convenire
1008 708 1192 785 principum-

165 816 223 872 que
250 794 365 853 liberos
396 791 518 851 obsides
553 792 592 851 ad
626 811 660 851 se
696 792 806 851 adduci
833 792 938 868 jussit.
990 794 1065 865 Quae
1094 795 1194 853 omnia

164 883 201 940 ab
222 882 261 940 iis
290 880 450 956 diligenter
484 878 523 937 ad
551 877 632 937 diem
660 877 742 937 faeta
773 886 852 937 sunt.
903 879 977 956 Ipse
1005 879 1193 940 Divitiacum
1267 876 1270 893 ¹
1308 904 1311 915 ·

163 967 318 1026 Haeduum
362 983 546 1042 magnopere
591 965 769 1023 cohortatus
804 964 908 1037 docet,
954 973 1066 1040 quanto
1101 986 1192 1043 opere

162 1054 206 1113 rei
227 1052 359 1131 publicae
383 1050 610 1125 communisque
633 1051 741 1109 salutis
764 1050 885 1109 intersit
920 1070 1026 1109 manus
1060 1051 1193 1110 hostium

163 1138 311 1211 distineri,
345 1156 383 1195 16
417 1156 485 1195 cum
517 1143 604 1195 tanta
636 1136 830 1195 multitudine
864 1157 923 1195 uno
957 1144 1093 1214 tempore
1122 1157 1191 1196 eon-

162 1223 328 1302 fligendum
358 1223 411 1296 sit3
447 1222 478 1281 id
507 1221 574 1280 fieri
601 1242 703 1300 posse,
734 1223 760 1281 si
790 1243 862 1281 suas
894 1223 997 1300 copias
1019 1222 1132 1281 Haedui
1161 1224 1193 1281 in

160 1310 237 1369 fines
266 1310 501 1368 Bellovacorum
528 1308 752 1367 introduxerint
782 1315 812 1367 61
840 1329 944 1367 eorum
977 1327 1067 1386 agros
1095 1329 1192 1386 popu-

161 1398 219 1455 lari
241 1395 397 1473 coeperint.
442 1394 501 1452 His
524 1393 676 1452 mandatis
701 1415 770 1453 eum
794 1396 831 1453 ab
856 1415 889 1454 66
918 1394 1051 1454 dimittit.
1102 1394 1191 1454 Post-

162 1503 253 1560 quam
287 1501 390 1539 omnes
414 1481 579 1557 Belgarum
613 1481 717 1558 copias
751 1481 783 1539 in
815 1502 909 1539 unum
941 1474 1042 1540 locum
1069 1488 1192 1540 coactas

163 1569 202 1628 ad
236 1588 269 1627 66
302 1567 407 1628 venire
436 1565 522 1641 vidit,
567 1586 667 1641 neque
707 1566 774 1643 jam
807 1568 897 1643 longe
932 1568 1041 1626 abesse
1075 1568 1112 1625 ab
1143 1567 1190 1642 iis,

163 1674 239 1731 quos
283 1653 418 1727 miserat,
464 1652 706 1729 exploratoribus
752 1659 783 1711 et
827 1655 864 1711 ab
898 1653 1004 1711 Remis
1039 1653 1190 1728 cognovit,

162 1735 274 1800 flumen
307 1740 455 1813 Axonam,
491 1737 570 1813 quod
595 1744 642 1796 est
663 1739 695 1795 in
717 1738 860 1797 extremis
882 1738 1047 1796 Remorum
1069 1736 1190 1813 finibus,

162 1827 327 1887 exercitum
360 1824 521 1883 traducere
554 1825 718 1883 maturavit
752 1831 843 1899 atque
877 1824 920 1883 ibi
949 1830 1051 1882 castra
1078 1824 1190 1901 posuit.

163 1912 238 1984 Quae
261 1931 310 1970 res
334 1917 365 1969 et
386 1911 467 1968 latus
490 1931 584 1967 unum
614 1917 783 1969 castrorum
812 1910 887 1987 ripis
914 1908 1047 1968 fluminis
1077 1910 1191 1968 munie-

161 2000 215 2058 bat
237 2006 277 2073 et,
296 2003 371 2076 post
393 2016 462 2055 eum
491 2015 559 2071 quae
588 2003 684 2071 erant,
712 2002 779 2054 tuta
808 1997 845 2054 ab
874 1996 1014 2054 hostibus
1042 1995 1192 2055 reddebat

162 2092 200 2160 et,
225 2090 411 2143 commeatus
440 2083 477 2140 ab
507 2082 612 2140 Remis
642 2082 829 2158 reliquisque
860 2082 1035 2141 civitatibus
1063 2089 1097 2140 ut
1126 2082 1191 2140 sine

160 2170 294 2248 periculo
330 2169 369 2227 ad
403 2189 471 2227 eum
503 2169 619 2245 portari
641 2174 757 2246 posset,
792 2166 953 2226 efficiebat.
1004 2167 1042 2225 In
1071 2188 1106 2226 eo
1135 2166 1191 2225 flu-

161 2257 241 2315 mine
262 2275 340 2333 pons
364 2262 438 2312 erat.
484 2253 534 2312 Ibi
555 2254 733 2331 praesidium
754 2255 841 2330 ponit
864 2261 895 2312 61
916 2254 948 2311 in
978 2253 1074 2311 altera
1100 2260 1188 2330 parte

160 2341 293 2400 fluminis
317 2340 352 2411 Q.
376 2340 526 2398 Titurium
550 2339 696 2398 Sabinum
723 2339 858 2415 legatum
892 2359 959 2396 eum
993 2358 1048 2396 sex
1083 2338 1187 2396 cohor-

161 2429 243 2486 tibus
275 2426 433 2500 relinquit;
469 2432 570 2483 castra
602 2425 634 2483 in
665 2424 855 2482 altitudinem
888 2423 1001 2501 pedum
1031 2423 1189 2483 duodecim

159 2513 240 2573 vallo
263 2513 408 2586 fossaque
432 2511 641 2587 duodeviginti
663 2509 776 2588 pedum
798 2510 908 2567 muniri
927 2509 1026 2585 jubet.
1093 2553 1094 2556 ,

246 2599 302 2659 VI.
352 2598 401 2656 Ab
435 2597 483 2655 his
518 2597 627 2656 castris
673 2596 817 2674 oppidum
850 2596 1024 2670 Remorum,
1070 2595 1189 2654 nomine

161 2685 285 2759 Bibrax,
310 2685 415 2742 aberat
436 2683 519 2741 milia
540 2703 689 2760 passuum
710 2682 802 2741 VIII.
848 2682 887 2740 Id
916 2702 953 2740 ex
973 2681 1082 2740 itinere
1104 2702 1189 2759 mag·
1283 2704 1286 2715 ¹

161 2791 199 2829 no
227 2771 342 2848 impetu
370 2770 476 2845 Belgae
511 2789 686 2847 oppugnare
720 2774 887 2846 eoeperunt.
942 2768 1036 2844 AEgre
1071 2787 1106 2826 eo
1140 2767 1189 2826 die

162 2863 366 2915 sustentatum
389 2863 445 2913 est.
492 2854 649 2914 Gallorum
665 2854 783 2913 ¹eadem
818 2861 910 2929 atque
942 2854 1109 2930 Belgarum
1137 2873 1188 2931 op-

161 2943 305 3019 pugnatio
340 2948 388 3000 661
416 2941 492 2999 haec.
547 2941 609 3000 Ubi
643 2939 837 3016 circumjecta
870 2939 1062 2997 multitudine
1095 2939 1189 2997 homi-

160 3048 233 3085 num
277 3028 349 3086 totis
394 3028 543 3084 moenibus
587 3026 721 3102 undique
764 3025 796 3084 in
826 3046 945 3083 murum
980 3024 1096 3102 lapides
1126 3023 1190 3100 jaci

162 3114 255 3191 coepti
281 3119 353 3172 sunt
385 3132 551 3187 murusque
585 3112 800 3170 defensoribus
833 3111 967 3169 nudatus
1001 3117 1068 3187 est,
1092 3116 1188 3169 testu-

162 3198 232 3258 dine
253 3199 335 3258 faeta
356 3206 461 3276 portas
483 3197 672 3256 succendunt
694 3217 872 3271 murumque
895 3197 1055 3255 subruunt.
1100 3195 1190 3266 Quod

161 3291 227 3343 turn
258 3284 347 3344 facile
382 3283 484 3342 fiebat.
529 3283 608 3342 Nam
642 3304 734 3358 quum
767 3289 854 3340 tanta
876 3281 1038 3341 multitudo
1071 3281 1190 3360 lapides

162 3391 197 3430 ac
229 3372 291 3430 tela
325 3370 518 3446 conjicerent,
553 3369 585 3427 in
622 3389 708 3427 muro
738 3367 924 3427 consistendi
953 3374 1092 3445 potestas
1123 3373 1189 3426 erat

162 3457 246 3516 nulli.
293 3457 392 3527 Quum
414 3455 504 3515 finem
528 3454 725 3532 oppugnandi
746 3474 806 3513 nox
835 3453 969 3529 fecisset,
997 3454 1100 3515 Iccius
1128 3453 1188 3511 Be-

161 3563 239 3618 mus,
274 3563 391 3602 summa
424 3541 583 3600 nobilitate
617 3548 648 3599 et
681 3541 780 3617 gratia
813 3540 893 3599 inter
927 3559 1009 3615 suos,
1044 3539 1096 3614 qui
1125 3546 1189 3595 tum
1294 3574 1296 3579 ·

163 3629 272 3706 oppido
306 3627 481 3705 praefuerat,
515 3647 594 3684 unus
629 3648 666 3686 ex
699 3626 748 3702 iis,
783 3626 835 3701 qui
863 3626 957 3702 legati
986 3625 1023 3683 de
1050 3644 1126 3702 pace
1149 3622 1189 3682 ad

164 3713 316 3773 Gaesarem
332 3719 488 3787 venerant,
511 3713 634 3771 nuntios
659 3712 698 3771 ad
721 3733 790 3771 eum
812 3712 915 3786 mittit,
938 3711 997 3768 nisi
1020 3708 1190 3768 subsidium

162 3800 222 3858 sibi
244 3799 458 3871 summittatur,
483 3817 550 3856 sese
574 3798 688 3857 diutius
712 3799 864 3857 sustinere
886 3816 947 3855 non
968 3815 1068 3873 posse.

247 3887 321 3946 VII.
366 3885 411 3943 Eo
447 3884 484 3942 de
513 3883 613 3943 media
651 3890 741 3942 nocte
776 3883 880 3942 Caesar
917 3881 1027 3952 iisdem
1060 3880 1189 3939 ducibus

161 3990 246 4046 usus,
276 3971 327 4048 qui
354 3970 453 4028 nuntii
483 3971 521 4028 ab
550 3970 633 4029 Iccio
662 3977 818 4044 venerant,
847 3967 997 4028 Numidas
1028 3972 1059 4026 61
1082 3966 1188 4026 Cretas

1197 3420 1216 3462 u
