2670 4456
588 285 709 341 LIBER
728 287 761 343 V.
1133 299 1174 357 37

165 483 280 561 primos
324 480 484 559 prohibere
524 499 655 540 ascensu
694 488 785 556 atque
825 483 1015 559 iniquissimo
1056 486 1171 544 nostris

165 570 233 629 loco
255 567 397 646 proelium
419 565 607 626 committere
632 574 798 645 coeperunt.

251 652 412 712 XXXIII.
448 652 525 710 Tum
543 651 665 710 demum
682 652 829 728 Titurius,
850 654 902 729 qui
919 655 994 713 nihil
1012 662 1082 714 ante
1099 676 1170 732 pro-

166 739 305 813 vidisset,
329 737 483 816 trepidare
507 746 538 796 et
561 757 743 797 concursare
767 739 969 815 cohortesque
998 740 1169 819 disponere,

164 826 232 884 haec
265 831 367 883 tamen
400 823 468 901 ipsa
501 822 606 882 timide
640 830 732 898 atque
766 831 800 883 ut
823 844 892 883 eum
915 825 1015 883 omnia
1039 825 1169 885 deficere

164 911 358 983 viderentur;
382 906 464 983 quod
481 908 659 986 plerumque
688 908 726 967 iis
750 909 888 968 accidere
918 912 1088 986 consvevit,
1119 912 1170 987 qui

165 997 197 1055 in
221 996 289 1074 ipso
316 994 438 1071 negotio
470 993 628 1053 consilium
657 1013 766 1071 capere
795 1001 953 1071 coguntur.
1004 995 1048 1053 At
1071 995 1170 1072 Ootta,

164 1081 217 1157 qui
240 1080 406 1157 cogitasset
428 1080 494 1138 haec
521 1098 613 1155 posse
641 1079 672 1137 in
702 1079 811 1139 itinere
841 1080 981 1139 accidere
1010 1088 1102 1156 atque
1132 1083 1169 1139 ob

166 1187 234 1227 eam
256 1184 381 1225 causam
397 1163 597 1242 profectionis
622 1171 728 1223 auctor
750 1185 811 1224 non
833 1164 954 1240 fuisset,
978 1166 1063 1224 nulla
1084 1166 1169 1227 inre

165 1251 318 1311 communi
340 1251 431 1309 saluti
460 1249 565 1309 deerat
595 1249 678 1309 etin
700 1251 890 1328 appellandis
914 1251 1169 1327 cohortandisque

163 1337 310 1396 militibus
332 1335 523 1414 imperatoris
547 1341 577 1394 et
599 1335 630 1393 in
652 1356 755 1412 pugna
783 1337 887 1396 militis
918 1335 1019 1396 officia
1040 1344 1169 1414 praesta—

164 1425 226 1482 bat.
274 1421 373 1494 Quum
402 1428 527 1499 propter
554 1421 776 1498 longitudinem
804 1422 934 1499 agminis
956 1422 1056 1482 minus
1079 1421 1169 1483 facile

164 1508 266 1568 omnia
299 1528 355 1584 per
389 1525 423 1566 se
457 1505 540 1565 obire
575 1514 614 1582 et,
650 1506 722 1582 quid
756 1527 876 1584 quoque
906 1508 973 1567 loco
996 1507 1169 1568 faciendum

165 1600 258 1669 esset,
281 1593 444 1671 providere
466 1599 603 1670 possent,
623 1591 785 1669 jusserunt
800 1593 1000 1671 pronuntiari,
1024 1601 1058 1652 ut
1074 1595 1168 1672 impe-

163 1679 298 1738 dimenta
319 1679 526 1753 relinquerent
549 1684 640 1752 atque
662 1678 694 1735 in
711 1678 815 1737 orbem
833 1679 1043 1738 consisterent.
1080 1678 1169 1751 Quod

165 1764 325 1824 consilium
358 1763 416 1822 etsi
448 1762 480 1820 in
514 1761 664 1838 ejusmodi
698 1782 773 1821 casu
799 1763 1084 1840 reprehendendum
1106 1784 1167 1823 non

165 1857 221 1924 est,
244 1858 345 1908 tamen
367 1847 556 1907 incommode
580 1848 704 1922 accidit;
729 1868 798 1906 nam
827 1856 857 1907 et
884 1849 998 1907 nostris
1020 1849 1168 1908 militibus

162 1953 250 2013 spem
277 1933 385 1992 minuit
419 1940 450 1992 et
482 1934 587 1992 hostes
622 1933 660 1992 ad
688 1954 822 2011 pugnam
855 1934 1018 1994 alacriores
1053 1934 1166 2010 effecit,

164 2019 245 2095 quod
267 2039 328 2078 non
351 2019 415 2078 sine
438 2038 554 2077 summo
577 2019 686 2079 timore
709 2026 740 2078 et
762 2019 975 2097 desperatione
997 2020 1028 2078 id
1051 2020 1168 2079 factum

162 2105 333 2165 videbatur.
367 2104 523 2163 Praeterea
546 2104 666 2179 accidit,
690 2105 772 2180 qnod
794 2104 860 2165 fieri
881 2125 1009 2165 necesse
1033 2114 1107 2179 erat,
1132 2114 1167 2164 ut

162 2191 254 2267 vulgo
276 2189 388 2248 milites
412 2190 449 2248 ab
474 2190 569 2266 signis
593 2189 795 2265 discederent,
821 2210 888 2266 quae
912 2192 1039 2269 quisque
1063 2211 1167 2250 eorum

163 2275 321 2335 carissima
337 2275 473 2350 haberet,
492 2276 530 2333 ab
548 2275 771 2352 impedimentis
790 2283 895 2353 petere
916 2283 1006 2351 atque
1032 2275 1166 2352 arripere

161 2368 351 2440 properaret,
376 2361 508 2421 clamore
531 2367 562 2420 et
583 2360 657 2418 fletu
681 2360 780 2419 omnia
803 2360 1035 2436 complerentur.

247 2445 402 2505 XXXIV.
447 2446 491 2504 At
512 2445 652 2504 barbaris
677 2445 835 2504 consilium
863 2465 923 2504 non
951 2443 1066 2518 defuit3
1095 2466 1166 2505 nam

162 2532 257 2591 duces
281 2551 384 2591 eorum
406 2538 472 2589 tota
495 2531 559 2589 acie
581 2531 772 2607 pronuntiari
790 2529 960 2606 jusserunt,
984 2531 1108 2606 nequis
1127 2533 1165 2590 ab

161 2618 228 2676 loco
252 2616 441 2689 discederet;
464 2617 584 2675 illorum
607 2635 676 2674 esse
698 2615 835 2692 praedam
864 2624 955 2690 atque
982 2616 1044 2675 illis
1067 2637 1166 2677 reser-

160 2703 236 2778 vari,
261 2721 449 2778 quaecunque
471 2702 601 2761 Romani
622 2701 832 2777 reliquissent3
856 2701 983 2779 proinde
1014 2703 1113 2761 omnia
1134 2704 1165 2761 in

161 2788 290 2848 victoria
312 2787 413 2864 posita
435 2787 651 2846 existimarent.
692 2787 792 2846 Erant
814 2794 845 2846 et
861 2787 973 2846 virtute
993 2795 1024 2846 et
1040 2808 1165 2847 numero

160 2873 325 2952 pugnando
353 2892 444 2950 pares
477 2873 590 2947 nostri,
619 2873 742 2931 tametsi
770 2873 807 2931 ab
837 2872 914 2931 duce
946 2880 976 2931 et
1003 2894 1021 2931 a
1043 2873 1165 2932 fortuna

162 2958 391 3033 deserebantur,
415 2965 517 3017 tamen
541 2978 660 3016 omnem
683 2977 768 3035 spem
792 2958 899 3016 salutis
921 2957 953 3015 in
975 2957 1088 3017 virtute
1112 2978 1165 3035 po-

161 3047 285 3119 nebant,
322 3051 361 3121 et,
396 3043 515 3120 quoties
539 3062 668 3118 quaeque
702 3043 810 3101 cohors
839 3050 1043 3120 procurreret,
1068 3043 1105 3101 ab
1130 3064 1166 3102 ea

161 3136 250 3207 parte
273 3148 401 3205 magnus
424 3129 557 3187 hostium
579 3148 723 3187 numerus
747 3127 886 3186 cadebat.
939 3126 1006 3199 Qua
1039 3148 1072 3187 re
1102 3129 1164 3187 ani-

161 3215 323 3274 maduersa
355 3213 513 3273 Ambiorix
545 3213 734 3291 pronuntiari
763 3213 869 3289 jubet,
903 3219 938 3271 ut
970 3214 1076 3290 procul
1104 3215 1167 3273 tela

161 3299 335 3377 conjiciant,
364 3319 424 3359 neu
451 3299 578 3378 propius
607 3299 764 3373 accedant,
796 3305 835 3373 et,
866 3318 958 3373 quam
986 3299 1018 3358 in
1046 3307 1115 3377 part
1117 3320 1165 3359 em

161 3385 292 3444 Romani
313 3384 460 3461 impetum
481 3385 620 3460 fecerint,
651 3384 774 3458 cedant;
805 3384 930 3444 levitate
961 3404 1112 3444 armorum
1135 3393 1166 3444 et

162 3470 340 3546 quotidiana
368 3471 584 3530 exercitatione
613 3470 689 3528 nihil
724 3469 761 3528 iis
789 3471 893 3529 noceri
921 3489 1029 3547 posse;
1057 3490 1165 3529 rursus

161 3575 196 3615 se
219 3555 259 3615 ad
282 3555 370 3631 signa
391 3556 573 3633 recipientes
594 3556 803 3631 insequantur.

248 3640 384 3699 XXXV
421 3639 487 3712 Quo
510 3649 665 3719 praecepto
688 3642 726 3699 ab
749 3640 787 3699 iis
811 3639 1042 3716 diligentissime
1061 3640 1164 3698 obser-

161 3734 244 3801 vate,
268 3745 361 3802 quum
390 3726 541 3803 quaepiam
569 3728 677 3785 cohors
708 3746 746 3785 ex
769 3727 842 3784 orbe
871 3730 1045 3784 excesserat
1073 3731 1164 3799 atque

161 3812 309 3889 impetum
330 3809 456 3886 fecerat,
479 3811 584 3870 hostes
612 3811 805 3871 velocissime
833 3809 1035 3885 refugiebant
1081 3809 1164 3868 [nte-

162 3916 311 3956 1111166111
327 3903 447 3994 partem
469 3895 577 3956 nudari
593 3916 720 3956 necesse
739 3903 805 3956 erat
827 3902 858 3955 et
880 3896 918 3953 ab
941 3894 1036 3953 latere
1059 3902 1164 3972 aperto

161 3981 225 4041 tela
245 3982 350 4059 recipi.
400 3981 539 4056 Rursus,
568 4002 660 4057 quum
686 3983 718 4042 in
746 4001 814 4042 eum
837 3980 946 4054 locum,
974 3978 1055 4039 unde
1079 3988 1166 4040 erant
