2670 4456
191 282 253 338 134
494 272 546 323 nn
564 270 692 325 sarno
711 271 892 325 omniuo.

190 467 301 546 oppido
336 467 433 525 veniri
465 482 585 543 posset,
627 466 747 542 dejecto
788 467 933 544 praesidio
975 467 1091 544 potitus
1127 467 1193 525 loco

191 555 268 612 duas
290 553 333 611 ibi
356 553 491 628 legiones
515 552 677 610 collocavit
697 551 875 627 fossamque
897 552 1051 630 duplicem
1079 552 1194 612 duode-

191 660 265 698 num
286 637 398 716 pedum
421 659 439 695 a
460 637 627 714 majoribus
650 638 760 696 castris
783 639 823 696 ad
845 639 961 697 minora
983 638 1136 716 perduxit,
1160 646 1196 696 ut

190 732 256 783 tuto
280 725 318 782 ab
341 723 498 800 repentino
528 723 662 781 hostium
688 724 813 782 incursu
842 725 934 782 etiam
966 725 1079 800 singuli
1113 744 1195 783 com-

190 830 292 868 meare
314 820 451 887 possent.

276 895 448 953 XXXVII.
493 895 576 952 Dum
597 895 664 952 haec
687 894 727 952 ad
744 895 929 972 Gergoviam
944 906 1102 972 geruntur,
1115 894 1195 954 Gou-

190 981 375 1040 victolitavis
387 981 535 1053 Haeduus,
559 981 607 1039 cui
630 980 844 1057 magistratum
866 981 1074 1057 adjudicatum
1097 979 1195 1039 aOae-

193 1087 264 1125 sare
287 1066 578 1138 demonstravimus,
608 1066 791 1124 sollicitatus
819 1068 857 1124 ab
886 1067 1034 1125 Arvernis
1063 1067 1195 1143 pecunia

191 1173 259 1211 cum
282 1152 464 1226 quibusdam
487 1151 733 1210 adolescentibus
756 1152 948 1226 colloquitur,
977 1173 1106 1227 quorum
1129 1161 1196 1210 erat

191 1239 335 1315 princeps
347 1238 505 1295 Litavicus
528 1248 620 1312 atque
643 1237 710 1311 ejus
733 1237 856 1310 fratres,
880 1239 1068 1315 amplissima
1078 1237 1195 1296 familia

191 1325 255 1382 nati
284 1323 503 1381 adolescentes.
547 1322 624 1380 Cum
650 1323 687 1381 iis
716 1324 875 1400 praemium
903 1324 1104 1382 communicat
1125 1324 1196 1381 hor·

194 1419 347 1483 taturque,
376 1418 410 1465 ut
439 1428 473 1467 se
506 1409 620 1466 liberos
653 1418 684 1466 et
710 1409 837 1486 imperio
867 1420 957 1468 natos
986 1409 1194 1482 meminerint;

191 1515 282 1552 uuam
305 1513 374 1552 esse
397 1493 584 1551 Haeduorum
607 1495 771 1569 civitatem,
802 1515 870 1569 quae
893 1496 1096 1553 certissimam
1120 1494 1193 1553 Gal-

191 1581 240 1638 liae
263 1579 423 1637 victoriam
451 1579 600 1651 detineat,
636 1579 703 1655 ejus
737 1581 918 1638 auctoritate
951 1581 1086 1655 reliquas
1121 1600 1193 1638 con·

192 1666 290 1738 tineri,
315 1686 375 1739 qua
397 1665 538 1724 traducta
560 1666 661 1723 locum
684 1665 873 1724 consistendi
895 1666 1041 1725 Romanis
1063 1667 1095 1724 iu
1119 1665 1193 1724 Gal-

194 1752 235 1809 lia
256 1771 318 1809 nou
339 1750 420 1823 fore3
446 1771 514 1809 esse
536 1751 680 1809 nonnullo
704 1771 737 1809 se
761 1750 894 1810 Oaesaris
922 1751 1069 1810 beneficio
1099 1749 1194 1810 affec·

192 1845 266 1910 tum,
290 1838 335 1894 sic
363 1848 474 1909 tamen,
503 1844 538 1894 ut
561 1837 764 1914 justissimam
782 1837 864 1913 apud
886 1858 954 1895 eum
972 1857 1096 1896 causam
1119 1838 1196 1896 obti-

192 1923 307 1980 nuerit:
332 1922 389 1979 sed
416 1923 486 1998 plus
514 1923 666 1981 communi
695 1923 832 1982 libertati
855 1924 1005 1985 tribuere:
1035 1942 1089 1981 cur
1116 1923 1198 1982 euim

192 2008 294 2084 potius
318 2007 430 2064 Haedui
453 2007 491 2065 de
514 2027 569 2066 suo
588 2007 659 2083 jure
693 2022 724 2066 et
763 2008 801 2066 de
830 2008 950 2084 legibus
978 2008 1018 2066 ad
1041 2007 1198 2067 Gaesarem

193 2093 439 2169 disceptatorem,
463 2113 554 2167 quam
565 2094 695 2152 Romani
717 2094 757 2152 ad
779 2094 916 2152 Haeduos
928 2094 1074 2153 veniant?
1110 2093 1197 2153 Gele-

192 2179 267 2237 riter
289 2177 535 2236 adolescentibus
564 2188 595 2237 et
617 2179 753 2238 oratione
781 2181 979 2256 magistratus
1007 2191 1039 2238 et
1068 2180 1196 2256 praemio

192 2263 342 2336 deductis,
366 2284 458 2338 quum
480 2284 514 2322 se
537 2265 587 2325 vel
608 2265 762 2342 principes
785 2265 852 2341 ejus
885 2265 1003 2323 consilii
1031 2264 1099 2324 fore
1125 2287 1196 2342 pro-

191 2349 359 2423 fiterentur,
382 2350 459 2408 ratio
483 2349 660 2426 perficiendi
689 2352 900 2426 quaerebatur,
930 2351 1012 2425 quod
1040 2351 1197 2409 civitatem

191 2446 306 2494 temere
329 2435 368 2492 ad
391 2436 620 2512 suscipiendum
641 2437 755 2494 bellum
778 2435 888 2494 adduci
910 2456 1002 2513 posse
1030 2456 1092 2495 non
1123 2456 1195 2495 cou-

191 2520 336 2580 fidebaut.
381 2521 510 2594 Placuit,
533 2522 578 2579 uti
589 2522 748 2580 Litavicus
760 2521 867 2579 decem
888 2522 949 2579 illis
972 2522 1102 2594 milibus,
1126 2541 1195 2596 quae

194 2606 309 2664 Caesari
332 2606 371 2664 ad
392 2607 507 2664 bellum
530 2607 730 2680 mitterentur,
754 2606 1065 2684 praeficereturatque
1085 2627 1122 2666 ea
1141 2607 1196 2665 du·

195 2690 292 2748 cenda
326 2700 448 2749 curaret
479 2690 653 2767 fratresque
688 2691 755 2768 ejus
784 2693 823 2750 ad
846 2691 1000 2751 Caesarem
1027 2713 1196 2770 praecurre·

192 2782 270 2833 rent.
314 2775 447 2850 Reliqua
470 2796 529 2851 qua
551 2778 668 2836 ratione
691 2779 742 2854 agi
763 2778 893 2855 placeat,
907 2780 1115 2837 constituunt.

278 2861 469 2920 XXXVHI.
504 2862 662 2921 Litavicus
685 2870 811 2941 accepto
836 2865 971 2923 exercitu
994 2885 1088 2940 quum
1111 2863 1195 2923 milia

192 2966 339 3024 passuum
362 2948 484 3006 circiter
505 2948 603 3007 XXX
625 2950 664 3006 ab
688 2949 842 3026 Gergovia
860 2951 993 3024 abesset,
1018 2950 1196 3009 convocatis

193 3033 294 3092 subito
328 3033 473 3091 militibus
506 3034 683 3093 lacrimans:
720 3034 787 3105 Quo
821 3034 1051 3112 proficiscimur,
1085 3036 1195 3110 inquit,

193 3118 327 3177 milites?
351 3117 457 3177 Omnis
478 3127 583 3178 noster
612 3121 775 3195 equitatus.
804 3121 901 3178 omnis
929 3121 1074 3179 nobilitas
1101 3121 1196 3179 inter-

192 3204 241 3277 iit,
265 3205 419 3282 principes
442 3204 585 3280 civitatis,
609 3205 800 3282 Eporedorix
823 3215 854 3264 et
878 3205 1099 3277 Viridomarus,
1122 3207 1196 3264 insi-

193 3289 299 3347 mulati
328 3289 509 3366 proditionis
537 3292 575 3348 ab
598 3292 745 3350 Romanis
773 3291 891 3350 indicta
919 3311 1012 3350 causa
1040 3290 1197 3350 interfecti

194 3380 274 3432 sunt.
320 3375 397 3432 Haec
420 3376 459 3432 ab
482 3374 519 3432 iis
543 3378 728 3453 cognoscite,
758 3377 809 3452 qui
832 3397 870 3436 ex
897 3378 965 3455 ipsa
995 3377 1079 3435 caede
1107 3376 1195 3454 fuge·

193 3467 277 3531 runt,
301 3479 371 3517 uam
394 3480 450 3536 ego
472 3458 619 3520 tratribus
643 3470 734 3538 atque
757 3463 897 3521 omnibus
921 3464 998 3521 meis
1015 3463 1196 3540 propinquis

192 3544 363 3604 interfectis
391 3544 494 3604 dolore
526 3547 699 3623 prohibeor,
729 3567 797 3623 quae
826 3556 917 3624 gesta
944 3557 1030 3621 sunt,
1061 3568 1194 3625 pronun-

192 3632 279 3690 tiare.
336 3630 551 3690 Producuntur
583 3633 613 3706 ii,
645 3652 721 3708 quos
753 3633 806 3691 ille
834 3633 1008 3706 edocuerat,
1043 3653 1111 3707 quae
1134 3633 1195 3692 dici

192 3718 296 3791 vellet,
320 3725 411 3792 atque
434 3716 550 3790 eadem,
575 3738 644 3793 quae
655 3718 814 3777 Litavicus
832 3718 1095 3796 pronuntiaverat,
1117 3719 1193 3777 mul·

192 3802 315 3861 titudini
336 3809 505 3880 exponunt:
530 3800 663 3876 [Omnes]
695 3805 812 3878 equites
836 3805 1024 3862 Haeduorum
1052 3803 1194 3862 interfec-

192 3900 252 3961 tos,
277 3888 359 3963 quod
386 3888 528 3947 collocuti
556 3909 625 3946 cum
652 3889 800 3948 Arvernis
829 3889 1016 3962 dicerentur3
1046 3890 1131 3967 ipsos
1160 3909 1194 3948 se

191 3973 272 4032 inter
294 3973 519 4033 multitudinem
552 3974 681 4034 militum
709 3974 882 4034 occultasse
913 3983 1004 4051 atque
1033 3995 1071 4034 ex
1093 3975 1194 4034 media
