2670 4456
114 182 118 197 ¹
182 247 242 306 162
496 238 550 292 uu
567 234 695 292 annno
714 234 884 291 emulso
917 256 922 267 ·

179 455 238 515 pus
261 455 353 512 quum
382 433 492 510 exigua
524 440 591 492 tum
619 432 750 510 disjecta
778 439 869 508 esset,
900 438 932 492 et
947 430 1185 492 frumentatione

180 532 211 583 et
232 521 350 596 reliquo
374 525 544 579 commeatu
567 537 604 578 ex
626 518 745 577 insidiis
766 519 928 596 prohibere
950 517 1116 578 Romanos.

263 607 356 666 VIII.
403 605 478 677 Quae
503 604 607 664 Oaesar
636 604 896 664 consentientibus
923 604 1062 682 pluribus
1091 623 1185 679 quum

179 699 344 772 cognosset
365 700 457 768 atque
486 711 531 767 ea,
561 710 629 767 quae
656 697 909 768 proponerentur,
938 691 1066 750 consilia
1092 689 1186 767 plena

178 779 350 860 prudentias
390 778 542 855 longeque
576 797 594 836 a
626 776 799 836 temeritate
832 777 1031 836 barbarorum
1066 784 1185 837 remota

179 885 248 926 esse
267 865 430 942 judicaret,
455 863 595 923 omnibus
618 864 710 922 rebus
731 862 958 923 inserviendum
980 862 1099 938 statuit,
1123 882 1184 938 quo

182 951 313 1013 celerius
350 950 448 1010 hostis
489 956 663 1028 contempta
701 967 758 1008 sua
796 948 951 1026 paucitate
983 949 1120 1027 prodiret
1152 950 1186 1008 in

179 1039 282 1099 aciem.
350 1035 519 1113 Singularis
553 1035 632 1095 enim
670 1034 792 1096 virtutis
825 1035 1006 1095 veterrimas
1045 1035 1184 1113 legiones

177 1123 384 1200 VH.,V111.‚
403 1122 462 1181 IX.
481 1122 623 1196 habebat,
643 1140 770 1180 summae
789 1120 856 1199 spei
873 1120 1062 1198 delectaeque
1070 1121 1182 1199 juven-

179 1211 254 1271 tutis
275 1209 346 1284 XL,
370 1228 438 1284 quae
469 1214 577 1268 octavo
602 1206 667 1285 jam
695 1207 845 1284 stipendio
875 1203 1000 1280 [functa]
1028 1214 1131 1267 tamen
1152 1209 1184 1267 in

180 1296 342 1357 collatione
364 1295 549 1369 reliquarum
570 1292 704 1352 nondum
727 1292 855 1353 eandem
876 1293 1041 1353 vetustatis
1064 1314 1100 1354 ac
1122 1295 1183 1355 vir-

177 1383 255 1442 tutis
277 1387 401 1458 ceperat
424 1380 605 1457 opinionem.
639 1379 751 1454 Itaque
774 1379 899 1438 consilio
923 1378 1072 1439 advocato
1091 1381 1184 1440 rebus

177 1468 226 1543 fis,
251 1486 319 1542 quae
343 1464 439 1524 adse
463 1471 567 1524 essent
590 1465 710 1541 delatae,
734 1464 872 1524 omnibus
896 1465 1044 1543 expositis
1067 1465 1184 1526 animos

179 1551 382 1613 multitudinis
405 1550 571 1610 confirmat.
618 1550 650 1610 Si
672 1549 753 1610 forte
781 1551 887 1611 hostes
915 1551 1007 1609 trium
1029 1551 1184 1629 legionum

178 1658 304 1699 numero
327 1644 434 1716 posset
456 1637 565 1697 elicere
589 1637 629 1697 ad
651 1636 865 1712 dimicandum,
890 1637 1017 1715 agminis
1047 1637 1185 1697 ordinem

179 1727 222 1785 ita
245 1723 411 1799 constituit,
435 1730 469 1782 ut
491 1723 570 1800 legio
583 1724 668 1798 VH,
686 1723 789 1799 VIII,
802 1723 862 1782 IX.
887 1729 957 1782 ante
980 1724 1081 1782 omnia
1102 1724 1184 1783 irent

179 1810 410 1889 impedimenta,
446 1808 556 1868 deinde
589 1809 721 1868 omnium
753 1808 1039 1886 impchmentorum
1073 1830 1183 1888 agmen

180 1896 272 1972 (quod
294 1903 397 1954 tamen
420 1902 485 1954 erat
511 1894 672 1970 mediocre,
706 1901 741 1954 ut
773 1895 804 1954 in
838 1895 1081 1973 expeditionibus
1115 1915 1184 1956 esse

180 1980 350 2051 consuevit)
384 1987 507 2056 cogeret
539 1980 710 2056 undecima,
743 2001 782 2040 ne
815 1980 940 2057 majoris
979 1981 1186 2040 multitudinis

179 2066 298 2146 species
332 2065 470 2124 accidere
503 2065 644 2125 hostibus
676 2073 796 2143 posset,
832 2087 923 2142 quam
954 2067 1014 2145 ipsi
1048 2067 1182 2146 depopo-

179 2155 320 2213 scissent.
366 2152 434 2210 Hac
456 2151 573 2210 ratione
595 2171 682 2229 paene
705 2152 853 2227 quadrato
883 2152 1002 2229 agmine
1030 2153 1180 2213 instructo

177 2240 209 2298 in
231 2246 428 2317 conspectum
460 2238 594 2297 hostium
627 2237 755 2297 celerius
790 2238 929 2316 opinione
957 2259 1062 2298 eorum
1095 2259 1182 2298 exer-

184 2326 277 2385 citum
299 2324 432 2383 adducit.

268 2411 327 2473 IX.
385 2409 484 2481 Quum
516 2416 641 2487 repente
663 2409 828 2469 instructas
851 2409 990 2470 velutin
1012 2410 1076 2468 acie
1099 2418 1185 2469 certo
1299 2446 1303 2451 -

184 2497 282 2573 gradu
304 2496 440 2573 legiones
474 2496 619 2555 accedere
650 2494 730 2554 Galli
763 2495 912 2570 viderent,
942 2515 1071 2572 quorum
1098 2504 1186 2555 arant

183 2581 223 2640 ad
251 2580 404 2641 Oaesarem
432 2581 523 2660 plena
550 2579 669 2641 fiduciae
699 2581 825 2640 consilia
846 2581 974 2660 perlata,
998 2582 1063 2642 sive
1086 2589 1185 2640 certa-

183 2667 272 2725 minis
294 2667 440 2744 periculo,
465 2667 530 2727 sive
564 2667 664 2726 subito
700 2666 843 2743 adventu,
878 2668 943 2727 sive
971 2667 1183 2745 expectatione

180 2752 279 2811 nostri
302 2751 419 2810 consilii
441 2752 544 2829 copias
566 2753 721 2811 instruunt
742 2774 797 2831 pro
821 2754 930 2813 castris
957 2773 1015 2812 nec
1042 2753 1109 2812 loco
1133 2773 1185 2812 su-

181 2838 300 2916 periore
334 2836 494 2896 decedunt.
552 2836 655 2896 Oaesar
688 2838 746 2896 etsi
774 2839 918 2898 dimicare
945 2846 1113 2917 optaverat,
1137 2846 1184 2898 ta·

182 2943 250 2982 men
274 2922 441 2982 admiratus
463 2930 580 2981 tantam
601 2923 824 2983 multitudinem
853 2924 1004 2999 hostium,
1032 2925 1111 2985 valle
1138 2926 1184 2984 in-

181 3009 332 3084 termissa,
355 3009 453 3086 magis
475 3009 507 3067 in
530 3008 720 3069 altitudinem
748 3010 910 3088 depressa,
934 3030 1024 3086 quam
1046 3012 1107 3070 late
1129 3032 1184 3088 pa·

182 3102 276 3171 tento,
311 3102 412 3154 castra
453 3095 562 3154 castris
600 3095 733 3154 hostium
767 3095 894 3156 confert.
944 3096 1021 3155 Haec
1054 3097 1185 3174 imperat

182 3181 262 3240 vallo
284 3180 396 3259 pedum
424 3180 492 3238 XII
519 3181 648 3255 muniri,
676 3182 834 3241 loriculam
861 3202 917 3261 pro
945 3182 1085 3260 portione
1115 3181 1184 3261 ejus

182 3266 350 3325 altitudinis
389 3264 581 3341 inaedificari3
624 3265 740 3326 fossam
779 3267 931 3347 duplicem
970 3267 1083 3346 pedum
1116 3269 1183 3343 qui-

180 3371 252 3409 num
274 3351 385 3410 denum
416 3351 563 3411 lateribus
587 3352 714 3430 deprimi
747 3353 886 3428 directis3
920 3361 1021 3413 turres
1056 3353 1185 3412 excitari

182 3438 305 3496 crebras
326 3437 358 3495 in
381 3436 570 3496 altitudinem
581 3439 635 3497 HI
646 3439 861 3514 tabulatorum,
879 3439 1023 3517 pontibus
1041 3439 1181 3516 trajectIe

181 3522 405 3598 constratisque
429 3521 580 3600 conjungi,
605 3544 733 3600 quorum
756 3523 873 3584 frontes
895 3525 1026 3586 viminea
1053 3525 1182 3584 loricula

180 3609 376 3684 munirentur,
399 3615 434 3666 ut
462 3607 500 3666 ab
529 3608 668 3669 hostibus
696 3609 809 3687 duplici
835 3610 937 3687 fossa,
972 3609 1085 3688 duplici
1111 3630 1182 3688 pro-

181 3701 386 3773 pugnatorum
427 3692 532 3753 crdIne
577 3695 825 3770 defenderentur,
864 3716 992 3772 quorum
1025 3697 1102 3754 alter
1143 3716 1181 3754 ex

179 3781 342 3858 pontibus,
388 3798 447 3853 quo
481 3780 574 3838 tutior
613 3781 772 3840 altitudine
805 3789 902 3858 esset,
942 3783 1000 3840 hoc
1034 3781 1181 3840 audacius

178 3867 359 3944 longiusque
387 3866 577 3942 permitteret
603 3866 675 3942 tela,
704 3867 797 3941 alter,
827 3868 878 3942 qui
906 3867 1030 3946 propior
1058 3867 1180 3926 hostem
