<?xml version="1.0" encoding="UTF-8"?>
<!DOCTYPE html PUBLIC "-//W3C//DTD XHTML 1.0 Transitional//EN"
    "http://www.w3.org/TR/xhtml1/DTD/xhtml1-transitional.dtd">
<html xmlns="http://www.w3.org/1999/xhtml" xml:lang="en" lang="en">
 <head>
  <title>
</title>
<meta http-equiv="Content-Type" content="text/html;charset=utf-8" />
  <meta name='ocr-system' content='tesseract 3.04.00' />
  <meta name='ocr-capabilities' content='ocr_page ocr_carea ocr_par ocr_line ocrx_word'/>
</head>
<body>
  <div class='ocr_page' id='page_1' title='image "./debellogallico00caesgoog_0131.png"; bbox 0 0 2670 4456; ppageno 0'>
   <div class='ocr_carea' id='block_1_1' title="bbox 169 255 871 324">
    <p class='ocr_par' dir='ltr' id='par_1_1' title="bbox 169 255 871 324">
     <span class='ocr_line' id='line_1_1' title="bbox 169 255 871 324; baseline 0.001 -16"><span class='ocrx_word' id='word_1_1' title='bbox 169 268 229 324; x_wconf 79' lang='lat'>122</span> <span class='ocrx_word' id='word_1_2' title='bbox 484 255 681 310; x_wconf 78' lang='lat' dir='ltr'>assumo</span> <span class='ocrx_word' id='word_1_3' title='bbox 701 255 871 311; x_wconf 70' lang='lat' dir='ltr'>enucleo</span> 
     </span>
    </p>
   </div>
   <div class='ocr_carea' id='block_1_2' title="bbox 101 450 1176 3008">
    <p class='ocr_par' dir='ltr' id='par_1_2' title="bbox 167 450 1174 1469">
     <span class='ocr_line' id='line_1_2' title="bbox 168 450 1172 530; baseline -0.004 -17"><span class='ocrx_word' id='word_1_4' title='bbox 168 475 227 513; x_wconf 93' lang='lat' dir='ltr'>uno</span> <span class='ocrx_word' id='word_1_5' title='bbox 250 455 317 512; x_wconf 89' lang='lat' dir='ltr'>loco</span> <span class='ocrx_word' id='word_1_6' title='bbox 340 451 475 530; x_wconf 80' lang='lat' dir='ltr'>legiones</span> <span class='ocrx_word' id='word_1_7' title='bbox 499 453 676 526; x_wconf 88' lang='lat' dir='ltr'>contineret,</span> <span class='ocrx_word' id='word_1_8' title='bbox 700 472 738 511; x_wconf 91' lang='lat' dir='ltr'>ne</span> <span class='ocrx_word' id='word_1_9' title='bbox 762 451 969 529; x_wconf 87' lang='lat' dir='ltr'>stipendiariis</span> <span class='ocrx_word' id='word_1_10' title='bbox 981 450 1172 510; x_wconf 82' lang='lat' dir='ltr'>Haeduorum</span> 
     </span>
     <span class='ocr_line' id='line_1_3' title="bbox 168 536 1171 617; baseline -0.002 -19"><span class='ocrx_word' id='word_1_11' title='bbox 168 539 350 617; x_wconf 86' lang='lat' dir='ltr'>expugnatis</span> <span class='ocrx_word' id='word_1_12' title='bbox 374 546 484 596; x_wconf 86' lang='lat' dir='ltr'>cuncta</span> <span class='ocrx_word' id='word_1_13' title='bbox 508 538 609 597; x_wconf 85' lang='lat' dir='ltr'>Gallia</span> <span class='ocrx_word' id='word_1_14' title='bbox 632 536 785 611; x_wconf 89' lang='lat' dir='ltr'>deficeret,</span> <span class='ocrx_word' id='word_1_15' title='bbox 809 536 890 611; x_wconf 93' lang='lat' dir='ltr'>quod</span> <span class='ocrx_word' id='word_1_16' title='bbox 920 537 1036 595; x_wconf 93' lang='lat' dir='ltr'>nullum</span> <span class='ocrx_word' id='word_1_17' title='bbox 1065 536 1171 596; x_wconf 84' lang='lat' dir='ltr'>amicis</span> 
     </span>
     <span class='ocr_line' id='line_1_4' title="bbox 167 622 1172 702; baseline -0.003 -18"><span class='ocrx_word' id='word_1_18' title='bbox 167 626 199 684; x_wconf 90' lang='lat' dir='ltr'>in</span> <span class='ocrx_word' id='word_1_19' title='bbox 223 645 257 683; x_wconf 91' lang='lat' dir='ltr'>eo</span> <span class='ocrx_word' id='word_1_20' title='bbox 279 623 456 702; x_wconf 85' lang='lat' dir='ltr'>praesidium</span> <span class='ocrx_word' id='word_1_21' title='bbox 468 624 625 684; x_wconf 86' lang='lat' dir='ltr'>videretur</span> <span class='ocrx_word' id='word_1_22' title='bbox 646 623 779 700; x_wconf 90' lang='lat' dir='ltr'>positum</span> <span class='ocrx_word' id='word_1_23' title='bbox 802 641 885 695; x_wconf 72' lang='lat' dir='ltr'>esse,</span> <span class='ocrx_word' id='word_1_24' title='bbox 910 622 936 680; x_wconf 90' lang='lat' dir='ltr'>si</span> <span class='ocrx_word' id='word_1_25' title='bbox 958 623 1108 682; x_wconf 88' lang='lat' dir='ltr'>maturius</span> <span class='ocrx_word' id='word_1_26' title='bbox 1132 642 1172 681; x_wconf 87' lang='lat' dir='ltr'>ex</span> 
     </span>
     <span class='ocr_line' id='line_1_5' title="bbox 168 707 1172 785; baseline -0.002 -16"><span class='ocrx_word' id='word_1_27' title='bbox 168 710 304 769; x_wconf 90' lang='lat' dir='ltr'>hibernis</span> <span class='ocrx_word' id='word_1_28' title='bbox 333 709 491 785; x_wconf 89' lang='lat' dir='ltr'>educeret,</span> <span class='ocrx_word' id='word_1_29' title='bbox 521 730 560 767; x_wconf 93' lang='lat' dir='ltr'>ne</span> <span class='ocrx_word' id='word_1_30' title='bbox 583 710 620 767; x_wconf 86' lang='lat' dir='ltr'>ab</span> <span class='ocrx_word' id='word_1_31' title='bbox 644 729 677 768; x_wconf 92' lang='lat' dir='ltr'>re</span> <span class='ocrx_word' id='word_1_32' title='bbox 705 707 904 766; x_wconf 83' lang='lat' dir='ltr'>frumentaria</span> <span class='ocrx_word' id='word_1_33' title='bbox 934 707 1018 766; x_wconf 93' lang='lat' dir='ltr'>duris</span> <span class='ocrx_word' id='word_1_34' title='bbox 1042 708 1172 768; x_wconf 88' lang='lat' dir='ltr'>subvec-</span> 
     </span>
     <span class='ocr_line' id='line_1_6' title="bbox 169 794 1173 855; baseline -0.002 -1"><span class='ocrx_word' id='word_1_35' title='bbox 169 796 312 855; x_wconf 82' lang='lat' dir='ltr'>tionibus·</span> <span class='ocrx_word' id='word_1_36' title='bbox 326 795 486 853; x_wconf 79' lang='lat' dir='ltr'>laboraret.</span> <span class='ocrx_word' id='word_1_37' title='bbox 531 794 684 853; x_wconf 85' lang='lat' dir='ltr'>Praestare</span> <span class='ocrx_word' id='word_1_38' title='bbox 717 794 817 853; x_wconf 88' lang='lat' dir='ltr'>visum</span> <span class='ocrx_word' id='word_1_39' title='bbox 850 800 898 851; x_wconf 90' lang='lat' dir='ltr'>est</span> <span class='ocrx_word' id='word_1_40' title='bbox 930 800 1031 852; x_wconf 87' lang='lat' dir='ltr'>tamen</span> <span class='ocrx_word' id='word_1_41' title='bbox 1066 812 1173 853; x_wconf 84' lang='lat' dir='ltr'>omnes</span> 
     </span>
     <span class='ocr_line' id='line_1_7' title="bbox 170 878 1173 959; baseline -0.004 -18"><span class='ocrx_word' id='word_1_42' title='bbox 170 880 368 941; x_wconf 89' lang='lat' dir='ltr'>difficultates</span> <span class='ocrx_word' id='word_1_43' title='bbox 391 881 519 959; x_wconf 80' lang='lat' dir='ltr'>perpeti,</span> <span class='ocrx_word' id='word_1_44' title='bbox 544 901 634 956; x_wconf 89' lang='lat' dir='ltr'>quam</span> <span class='ocrx_word' id='word_1_45' title='bbox 655 886 742 938; x_wconf 87' lang='lat' dir='ltr'>tanta</span> <span class='ocrx_word' id='word_1_46' title='bbox 765 878 947 938; x_wconf 87' lang='lat' dir='ltr'>contumelia</span> <span class='ocrx_word' id='word_1_47' title='bbox 969 885 1096 956; x_wconf 86' lang='lat' dir='ltr'>accepta</span> <span class='ocrx_word' id='word_1_48' title='bbox 1109 898 1173 937; x_wconf 91' lang='lat' dir='ltr'>om-</span> 
     </span>
     <span class='ocr_line' id='line_1_8' title="bbox 171 964 1173 1041; baseline -0.001 -16"><span class='ocrx_word' id='word_1_49' title='bbox 171 968 256 1026; x_wconf 91' lang='lat' dir='ltr'>nium</span> <span class='ocrx_word' id='word_1_50' title='bbox 289 986 412 1025; x_wconf 88' lang='lat' dir='ltr'>suorum</span> <span class='ocrx_word' id='word_1_51' title='bbox 446 966 621 1025; x_wconf 88' lang='lat' dir='ltr'>voluntates</span> <span class='ocrx_word' id='word_1_52' title='bbox 651 965 793 1041; x_wconf 82' lang='lat' dir='ltr'>alieparo.</span> <span class='ocrx_word' id='word_1_53' title='bbox 849 964 961 1039; x_wconf 90' lang='lat' dir='ltr'>Itaque</span> <span class='ocrx_word' id='word_1_54' title='bbox 995 965 1173 1024; x_wconf 76' lang='lat' dir='ltr'>cohortatus</span> 
     </span>
     <span class='ocr_line' id='line_1_9' title="bbox 169 1049 1172 1129; baseline -0.002 -18"><span class='ocrx_word' id='word_1_55' title='bbox 169 1053 305 1112; x_wconf 76' lang='lat' dir='ltr'>Haeduos</span> <span class='ocrx_word' id='word_1_56' title='bbox 329 1053 367 1111; x_wconf 92' lang='lat' dir='ltr'>de</span> <span class='ocrx_word' id='word_1_57' title='bbox 390 1051 599 1129; x_wconf 89' lang='lat' dir='ltr'>supportando</span> <span class='ocrx_word' id='word_1_58' title='bbox 623 1058 792 1110; x_wconf 88' lang='lat' dir='ltr'>commeatu</span> <span class='ocrx_word' id='word_1_59' title='bbox 820 1050 980 1127; x_wconf 84' lang='lat' dir='ltr'>praemittit</span> <span class='ocrx_word' id='word_1_60' title='bbox 1002 1049 1041 1108; x_wconf 84' lang='lat' dir='ltr'>ad</span> <span class='ocrx_word' id='word_1_61' title='bbox 1063 1049 1172 1126; x_wconf 89' lang='lat' dir='ltr'>Bojos,</span> 
     </span>
     <span class='ocr_line' id='line_1_10' title="bbox 171 1133 1174 1214; baseline -0.002 -18"><span class='ocrx_word' id='word_1_62' title='bbox 171 1139 220 1214; x_wconf 92' lang='lat' dir='ltr'>qui</span> <span class='ocrx_word' id='word_1_63' title='bbox 255 1138 292 1196; x_wconf 94' lang='lat' dir='ltr'>de</span> <span class='ocrx_word' id='word_1_64' title='bbox 326 1158 381 1196; x_wconf 93' lang='lat' dir='ltr'>suo</span> <span class='ocrx_word' id='word_1_65' title='bbox 415 1137 548 1196; x_wconf 88' lang='lat' dir='ltr'>adventu</span> <span class='ocrx_word' id='word_1_66' title='bbox 583 1136 712 1195; x_wconf 86' lang='lat' dir='ltr'>doceant</span> <span class='ocrx_word' id='word_1_67' title='bbox 733 1136 961 1210; x_wconf 88' lang='lat' dir='ltr'>hortenturque,</span> <span class='ocrx_word' id='word_1_68' title='bbox 997 1143 1032 1193; x_wconf 95' lang='lat' dir='ltr'>ut</span> <span class='ocrx_word' id='word_1_69' title='bbox 1058 1135 1089 1193; x_wconf 91' lang='lat' dir='ltr'>in</span> <span class='ocrx_word' id='word_1_70' title='bbox 1111 1133 1174 1195; x_wconf 91' lang='lat' dir='ltr'>fide</span> 
     </span>
     <span class='ocr_line' id='line_1_11' title="bbox 170 1220 1173 1301; baseline -0.003 -18"><span class='ocrx_word' id='word_1_71' title='bbox 170 1231 311 1283; x_wconf 89' lang='lat' dir='ltr'>maneant</span> <span class='ocrx_word' id='word_1_72' title='bbox 345 1232 436 1298; x_wconf 86' lang='lat' dir='ltr'>atque</span> <span class='ocrx_word' id='word_1_73' title='bbox 469 1222 602 1281; x_wconf 90' lang='lat' dir='ltr'>hostium</span> <span class='ocrx_word' id='word_1_74' title='bbox 635 1223 781 1301; x_wconf 91' lang='lat' dir='ltr'>impetum</span> <span class='ocrx_word' id='word_1_75' title='bbox 814 1241 923 1298; x_wconf 91' lang='lat' dir='ltr'>magno</span> <span class='ocrx_word' id='word_1_76' title='bbox 954 1220 1052 1280; x_wconf 89' lang='lat' dir='ltr'>animo</span> <span class='ocrx_word' id='word_1_77' title='bbox 1081 1221 1173 1280; x_wconf 88' lang='lat' dir='ltr'>susti·</span> 
     </span>
     <span class='ocr_line' id='line_1_12' title="bbox 169 1306 1173 1384; baseline -0.004 -15"><span class='ocrx_word' id='word_1_78' title='bbox 169 1315 272 1369; x_wconf 85' lang='lat' dir='ltr'>neant.</span> <span class='ocrx_word' id='word_1_79' title='bbox 316 1309 445 1367; x_wconf 84' lang='lat' dir='ltr'>Duabus</span> <span class='ocrx_word' id='word_1_80' title='bbox 467 1307 619 1384; x_wconf 80' lang='lat' dir='ltr'>Agedinci</span> <span class='ocrx_word' id='word_1_81' title='bbox 640 1307 811 1384; x_wconf 85' lang='lat' dir='ltr'>legionibus</span> <span class='ocrx_word' id='word_1_82' title='bbox 835 1314 925 1382; x_wconf 86' lang='lat' dir='ltr'>atque</span> <span class='ocrx_word' id='word_1_83' title='bbox 947 1306 1173 1384; x_wconf 82' lang='lat' dir='ltr'>impedimentis</span> 
     </span>
     <span class='ocr_line' id='line_1_13' title="bbox 171 1390 993 1469; baseline -0.004 -16"><span class='ocrx_word' id='word_1_84' title='bbox 171 1395 264 1454; x_wconf 87' lang='lat' dir='ltr'>totius</span> <span class='ocrx_word' id='word_1_85' title='bbox 288 1395 440 1453; x_wconf 87' lang='lat' dir='ltr'>exercitus</span> <span class='ocrx_word' id='word_1_86' title='bbox 462 1394 576 1452; x_wconf 89' lang='lat' dir='ltr'>relictis</span> <span class='ocrx_word' id='word_1_87' title='bbox 601 1393 639 1451; x_wconf 88' lang='lat' dir='ltr'>ad</span> <span class='ocrx_word' id='word_1_88' title='bbox 661 1392 758 1468; x_wconf 86' lang='lat' dir='ltr'>Bojos</span> <span class='ocrx_word' id='word_1_89' title='bbox 780 1390 993 1469; x_wconf 89' lang='lat' dir='ltr'>proficiscitur.</span> 
     </span>
    </p>

    <p class='ocr_par' dir='ltr' id='par_1_3' title="bbox 101 1477 1176 3008">
     <span class='ocr_line' id='line_1_14' title="bbox 256 1477 1172 1555; baseline -0.003 -16"><span class='ocrx_word' id='word_1_90' title='bbox 256 1479 315 1539; x_wconf 90' lang='lat' dir='ltr'>XI.</span> <span class='ocrx_word' id='word_1_91' title='bbox 360 1478 467 1537; x_wconf 85' lang='lat' dir='ltr'>Altero</span> <span class='ocrx_word' id='word_1_92' title='bbox 492 1478 540 1538; x_wconf 91' lang='lat' dir='ltr'>die</span> <span class='ocrx_word' id='word_1_93' title='bbox 564 1499 655 1555; x_wconf 90' lang='lat' dir='ltr'>quum</span> <span class='ocrx_word' id='word_1_94' title='bbox 686 1477 725 1536; x_wconf 89' lang='lat' dir='ltr'>ad</span> <span class='ocrx_word' id='word_1_95' title='bbox 748 1477 893 1555; x_wconf 90' lang='lat' dir='ltr'>oppidum</span> <span class='ocrx_word' id='word_1_96' title='bbox 921 1477 1075 1536; x_wconf 85' lang='lat' dir='ltr'>Senonum</span> <span class='ocrx_word' id='word_1_97' title='bbox 1098 1477 1172 1537; x_wconf 88' lang='lat' dir='ltr'>Vel-</span> 
     </span>
     <span class='ocr_line' id='line_1_15' title="bbox 171 1563 1173 1640; baseline -0.001 -18"><span class='ocrx_word' id='word_1_98' title='bbox 171 1563 376 1623; x_wconf 75' lang='lat' dir='ltr'>laimodunum</span> <span class='ocrx_word' id='word_1_99' title='bbox 410 1564 555 1639; x_wconf 86' lang='lat' dir='ltr'>venisset,</span> <span class='ocrx_word' id='word_1_100' title='bbox 589 1584 627 1622; x_wconf 91' lang='lat' dir='ltr'>ne</span> <span class='ocrx_word' id='word_1_101' title='bbox 662 1584 751 1639; x_wconf 92' lang='lat' dir='ltr'>quem</span> <span class='ocrx_word' id='word_1_102' title='bbox 783 1571 855 1640; x_wconf 94' lang='lat' dir='ltr'>post</span> <span class='ocrx_word' id='word_1_103' title='bbox 882 1583 916 1622; x_wconf 89' lang='lat' dir='ltr'>se</span> <span class='ocrx_word' id='word_1_104' title='bbox 938 1564 1059 1622; x_wconf 89' lang='lat' dir='ltr'>hostem</span> <span class='ocrx_word' id='word_1_105' title='bbox 1081 1563 1173 1622; x_wconf 89' lang='lat' dir='ltr'>relin-</span> 
     </span>
     <span class='ocr_line' id='line_1_16' title="bbox 172 1649 1173 1727; baseline 0 -19"><span class='ocrx_word' id='word_1_106' title='bbox 172 1657 288 1725; x_wconf 87' lang='lat' dir='ltr'>queret,</span> <span class='ocrx_word' id='word_1_107' title='bbox 323 1670 382 1724; x_wconf 91' lang='lat' dir='ltr'>quo</span> <span class='ocrx_word' id='word_1_108' title='bbox 417 1650 603 1727; x_wconf 85' lang='lat' dir='ltr'>expeditiore</span> <span class='ocrx_word' id='word_1_109' title='bbox 636 1670 669 1709; x_wconf 91' lang='lat' dir='ltr'>re</span> <span class='ocrx_word' id='word_1_110' title='bbox 703 1649 902 1708; x_wconf 82' lang='lat' dir='ltr'>frumentaria</span> <span class='ocrx_word' id='word_1_111' title='bbox 935 1655 1081 1723; x_wconf 90' lang='lat' dir='ltr'>uteretur,</span> <span class='ocrx_word' id='word_1_112' title='bbox 1119 1669 1173 1726; x_wconf 91' lang='lat' dir='ltr'>op-</span> 
     </span>
     <span class='ocr_line' id='line_1_17' title="bbox 171 1733 1173 1813; baseline 0 -19"><span class='ocrx_word' id='word_1_113' title='bbox 171 1755 308 1813; x_wconf 84' lang='lat' dir='ltr'>pugnare</span> <span class='ocrx_word' id='word_1_114' title='bbox 330 1736 463 1794; x_wconf 88' lang='lat' dir='ltr'>instituit</span> <span class='ocrx_word' id='word_1_115' title='bbox 485 1735 577 1811; x_wconf 90' lang='lat' dir='ltr'>idque</span> <span class='ocrx_word' id='word_1_116' title='bbox 599 1735 691 1794; x_wconf 88' lang='lat' dir='ltr'>biduo</span> <span class='ocrx_word' id='word_1_117' title='bbox 716 1734 970 1807; x_wconf 84' lang='lat' dir='ltr'>circumvallavit;</span> <span class='ocrx_word' id='word_1_118' title='bbox 1000 1734 1091 1793; x_wconf 90' lang='lat' dir='ltr'>tertio</span> <span class='ocrx_word' id='word_1_119' title='bbox 1123 1733 1173 1794; x_wconf 90' lang='lat' dir='ltr'>die</span> 
     </span>
     <span class='ocr_line' id='line_1_18' title="bbox 171 1818 1173 1899; baseline -0.001 -20"><span class='ocrx_word' id='word_1_120' title='bbox 171 1821 273 1879; x_wconf 89' lang='lat' dir='ltr'>missis</span> <span class='ocrx_word' id='word_1_121' title='bbox 308 1841 345 1880; x_wconf 84' lang='lat' dir='ltr'>ex</span> <span class='ocrx_word' id='word_1_122' title='bbox 379 1821 490 1899; x_wconf 92' lang='lat' dir='ltr'>oppido</span> <span class='ocrx_word' id='word_1_123' title='bbox 520 1821 630 1898; x_wconf 85' lang='lat' dir='ltr'>legatis</span> <span class='ocrx_word' id='word_1_124' title='bbox 664 1820 702 1879; x_wconf 90' lang='lat' dir='ltr'>de</span> <span class='ocrx_word' id='word_1_125' title='bbox 736 1819 888 1878; x_wconf 86' lang='lat' dir='ltr'>deditione</span> <span class='ocrx_word' id='word_1_126' title='bbox 917 1839 1000 1878; x_wconf 85' lang='lat' dir='ltr'>arma</span> <span class='ocrx_word' id='word_1_127' title='bbox 1030 1818 1173 1894; x_wconf 86' lang='lat' dir='ltr'>conferri,</span> 
     </span>
     <span class='ocr_line' id='line_1_19' title="bbox 168 1904 1174 1984; baseline -0.001 -20"><span class='ocrx_word' id='word_1_128' title='bbox 168 1906 307 1982; x_wconf 80' lang='lat' dir='ltr'>jumenta</span> <span class='ocrx_word' id='word_1_129' title='bbox 328 1907 464 1984; x_wconf 79' lang='lat' dir='ltr'>produci,</span> <span class='ocrx_word' id='word_1_130' title='bbox 487 1905 543 1964; x_wconf 79' lang='lat' dir='ltr'>Do</span> <span class='ocrx_word' id='word_1_131' title='bbox 566 1906 688 1965; x_wconf 89' lang='lat' dir='ltr'>obsides</span> <span class='ocrx_word' id='word_1_132' title='bbox 711 1904 777 1964; x_wconf 90' lang='lat' dir='ltr'>dari</span> <span class='ocrx_word' id='word_1_133' title='bbox 795 1904 894 1981; x_wconf 89' lang='lat' dir='ltr'>jubet.</span> <span class='ocrx_word' id='word_1_134' title='bbox 936 1905 983 1963; x_wconf 80' lang='lat' dir='ltr'>Ea</span> <span class='ocrx_word' id='word_1_135' title='bbox 1005 1905 1058 1980; x_wconf 91' lang='lat' dir='ltr'>qui</span> <span class='ocrx_word' id='word_1_136' title='bbox 1080 1904 1174 1964; x_wconf 90' lang='lat' dir='ltr'>confi·</span> 
     </span>
     <span class='ocr_line' id='line_1_20' title="bbox 175 1990 1176 2068; baseline -0.001 -19"><span class='ocrx_word' id='word_1_137' title='bbox 175 1997 265 2064; x_wconf 91' lang='lat' dir='ltr'>ceret,</span> <span class='ocrx_word' id='word_1_138' title='bbox 290 1991 327 2049; x_wconf 82' lang='lat' dir='ltr'>G.</span> <span class='ocrx_word' id='word_1_139' title='bbox 358 1992 540 2050; x_wconf 83' lang='lat' dir='ltr'>Trebonium</span> <span class='ocrx_word' id='word_1_140' title='bbox 562 1993 697 2068; x_wconf 86' lang='lat' dir='ltr'>legatum</span> <span class='ocrx_word' id='word_1_141' title='bbox 726 1991 870 2066; x_wconf 88' lang='lat' dir='ltr'>relinquit</span> <span class='ocrx_word' id='word_1_142' title='bbox 877 2010 883 2064; x_wconf 88' lang='lat'>;</span> <span class='ocrx_word' id='word_1_143' title='bbox 919 1990 985 2068; x_wconf 90' lang='lat' dir='ltr'>ipse</span> <span class='ocrx_word' id='word_1_144' title='bbox 1019 1998 1053 2048; x_wconf 92' lang='lat' dir='ltr'>ut</span> <span class='ocrx_word' id='word_1_145' title='bbox 1084 2011 1176 2066; x_wconf 86' lang='lat' dir='ltr'>qnam</span> 
     </span>
     <span class='ocr_line' id='line_1_21' title="bbox 172 2074 1173 2156; baseline 0 -22"><span class='ocrx_word' id='word_1_146' title='bbox 172 2077 302 2156; x_wconf 87' lang='lat' dir='ltr'>primum</span> <span class='ocrx_word' id='word_1_147' title='bbox 324 2076 382 2134; x_wconf 92' lang='lat' dir='ltr'>iter</span> <span class='ocrx_word' id='word_1_148' title='bbox 408 2075 541 2150; x_wconf 82' lang='lat' dir='ltr'>faceret,</span> <span class='ocrx_word' id='word_1_149' title='bbox 578 2076 736 2135; x_wconf 83' lang='lat' dir='ltr'>Genabum</span> <span class='ocrx_word' id='word_1_150' title='bbox 766 2075 931 2134; x_wconf 77' lang='lat' dir='ltr'>Carnutum</span> <span class='ocrx_word' id='word_1_151' title='bbox 959 2074 1173 2153; x_wconf 89' lang='lat' dir='ltr'>proficiscitur,</span> 
     </span>
     <span class='ocr_line' id='line_1_22' title="bbox 174 2161 1174 2239; baseline 0 -20"><span class='ocrx_word' id='word_1_152' title='bbox 174 2162 225 2237; x_wconf 91' lang='lat' dir='ltr'>qui</span> <span class='ocrx_word' id='word_1_153' title='bbox 247 2168 310 2220; x_wconf 91' lang='lat' dir='ltr'>tum</span> <span class='ocrx_word' id='word_1_154' title='bbox 334 2161 463 2239; x_wconf 91' lang='lat' dir='ltr'>primum</span> <span class='ocrx_word' id='word_1_155' title='bbox 486 2162 577 2221; x_wconf 90' lang='lat' dir='ltr'>allato</span> <span class='ocrx_word' id='word_1_156' title='bbox 599 2162 705 2220; x_wconf 89' lang='lat' dir='ltr'>nuntio</span> <span class='ocrx_word' id='word_1_157' title='bbox 735 2161 772 2220; x_wconf 93' lang='lat' dir='ltr'>de</span> <span class='ocrx_word' id='word_1_158' title='bbox 801 2161 1025 2239; x_wconf 82' lang='lat' dir='ltr'>oppugnatione</span> <span class='ocrx_word' id='word_1_159' title='bbox 1047 2162 1174 2221; x_wconf 85' lang='lat' dir='ltr'>Vellau-</span> 
     </span>
     <span class='ocr_line' id='line_1_23' title="bbox 172 2246 1173 2324; baseline 0.001 -20"><span class='ocrx_word' id='word_1_160' title='bbox 172 2246 295 2322; x_wconf 89' lang='lat' dir='ltr'>noduni,</span> <span class='ocrx_word' id='word_1_161' title='bbox 318 2268 410 2323; x_wconf 91' lang='lat' dir='ltr'>quum</span> <span class='ocrx_word' id='word_1_162' title='bbox 432 2247 552 2324; x_wconf 90' lang='lat' dir='ltr'>longius</span> <span class='ocrx_word' id='word_1_163' title='bbox 575 2269 642 2307; x_wconf 87' lang='lat' dir='ltr'>eam</span> <span class='ocrx_word' id='word_1_164' title='bbox 663 2267 728 2306; x_wconf 91' lang='lat' dir='ltr'>rem</span> <span class='ocrx_word' id='word_1_165' title='bbox 751 2246 876 2305; x_wconf 89' lang='lat' dir='ltr'>ductum</span> <span class='ocrx_word' id='word_1_166' title='bbox 897 2247 935 2304; x_wconf 92' lang='lat' dir='ltr'>iri</span> <span class='ocrx_word' id='word_1_167' title='bbox 954 2246 1173 2321; x_wconf 85' lang='lat' dir='ltr'>existimarent,</span> 
     </span>
     <span class='ocr_line' id='line_1_24' title="bbox 101 2331 1172 2410; baseline 0.001 -20"><span class='ocrx_word' id='word_1_168' title='bbox 101 2342 103 2347; x_wconf 82' lang='grc'><em>“</em></span> <span class='ocrx_word' id='word_1_169' title='bbox 173 2332 350 2410; x_wconf 74' lang='lat' dir='ltr'>praesidium</span> <span class='ocrx_word' id='word_1_170' title='bbox 384 2333 502 2392; x_wconf 83' lang='lat' dir='ltr'>Genabi</span> <span class='ocrx_word' id='word_1_171' title='bbox 535 2334 640 2394; x_wconf 87' lang='lat' dir='ltr'>tuendi</span> <span class='ocrx_word' id='word_1_172' title='bbox 675 2352 783 2406; x_wconf 85' lang='lat' dir='ltr'>causa,</span> <span class='ocrx_word' id='word_1_173' title='bbox 821 2331 903 2407; x_wconf 91' lang='lat' dir='ltr'>quod</span> <span class='ocrx_word' id='word_1_174' title='bbox 936 2351 971 2391; x_wconf 91' lang='lat' dir='ltr'>eo</span> <span class='ocrx_word' id='word_1_175' title='bbox 1005 2331 1172 2405; x_wconf 90' lang='lat' dir='ltr'>mitterent,</span> 
     </span>
     <span class='ocr_line' id='line_1_25' title="bbox 175 2417 1173 2496; baseline 0 -20"><span class='ocrx_word' id='word_1_176' title='bbox 175 2419 401 2495; x_wconf 85' lang='lat' dir='ltr'>comparabant.</span> <span class='ocrx_word' id='word_1_177' title='bbox 446 2419 516 2477; x_wconf 91' lang='lat' dir='ltr'>Huc</span> <span class='ocrx_word' id='word_1_178' title='bbox 545 2420 638 2478; x_wconf 90' lang='lat' dir='ltr'>biduo</span> <span class='ocrx_word' id='word_1_179' title='bbox 666 2418 819 2496; x_wconf 73' lang='lat' dir='ltr'>pervenit,</span> <span class='ocrx_word' id='word_1_180' title='bbox 849 2417 959 2476; x_wconf 88' lang='lat' dir='ltr'>castris</span> <span class='ocrx_word' id='word_1_181' title='bbox 989 2425 1059 2477; x_wconf 92' lang='lat' dir='ltr'>ante</span> <span class='ocrx_word' id='word_1_182' title='bbox 1088 2418 1173 2495; x_wconf 89' lang='lat' dir='ltr'>oppi-</span> 
     </span>
     <span class='ocr_line' id='line_1_26' title="bbox 174 2502 1173 2582; baseline 0.001 -22"><span class='ocrx_word' id='word_1_183' title='bbox 174 2502 245 2561; x_wconf 90' lang='lat' dir='ltr'>dum</span> <span class='ocrx_word' id='word_1_184' title='bbox 267 2504 377 2581; x_wconf 87' lang='lat' dir='ltr'>positis</span> <span class='ocrx_word' id='word_1_185' title='bbox 400 2504 459 2562; x_wconf 90' lang='lat' dir='ltr'>diei</span> <span class='ocrx_word' id='word_1_186' title='bbox 493 2512 629 2582; x_wconf 91' lang='lat' dir='ltr'>tempore</span> <span class='ocrx_word' id='word_1_187' title='bbox 659 2504 801 2562; x_wconf 83' lang='lat' dir='ltr'>exclusus</span> <span class='ocrx_word' id='word_1_188' title='bbox 823 2502 1033 2581; x_wconf 88' lang='lat' dir='ltr'>inposterum</span> <span class='ocrx_word' id='word_1_189' title='bbox 1056 2523 1173 2581; x_wconf 80' lang='lat' dir='ltr'>oppug-</span> 
     </span>
     <span class='ocr_line' id='line_1_27' title="bbox 174 2588 1174 2665; baseline 0.003 -20"><span class='ocrx_word' id='word_1_190' title='bbox 174 2588 327 2646; x_wconf 88' lang='lat' dir='ltr'>nationem</span> <span class='ocrx_word' id='word_1_191' title='bbox 350 2588 464 2664; x_wconf 85' lang='lat' dir='ltr'>differt,</span> <span class='ocrx_word' id='word_1_192' title='bbox 488 2610 617 2665; x_wconf 88' lang='lat' dir='ltr'>quaeque</span> <span class='ocrx_word' id='word_1_193' title='bbox 640 2589 679 2648; x_wconf 85' lang='lat' dir='ltr'>ad</span> <span class='ocrx_word' id='word_1_194' title='bbox 701 2610 768 2648; x_wconf 88' lang='lat' dir='ltr'>eam</span> <span class='ocrx_word' id='word_1_195' title='bbox 789 2608 853 2647; x_wconf 90' lang='lat' dir='ltr'>rem</span> <span class='ocrx_word' id='word_1_196' title='bbox 877 2588 946 2647; x_wconf 89' lang='lat' dir='ltr'>usui</span> <span class='ocrx_word' id='word_1_197' title='bbox 969 2589 1039 2664; x_wconf 90' lang='lat' dir='ltr'>sint,</span> <span class='ocrx_word' id='word_1_198' title='bbox 1071 2589 1174 2648; x_wconf 88' lang='lat' dir='ltr'>militi-</span> 
     </span>
     <span class='ocr_line' id='line_1_28' title="bbox 173 2671 1174 2753; baseline 0.003 -22"><span class='ocrx_word' id='word_1_199' title='bbox 173 2674 231 2731; x_wconf 87' lang='lat' dir='ltr'>bus</span> <span class='ocrx_word' id='word_1_200' title='bbox 253 2673 382 2751; x_wconf 87' lang='lat' dir='ltr'>imperat</span> <span class='ocrx_word' id='word_1_201' title='bbox 405 2682 444 2749; x_wconf 92' lang='lat' dir='ltr'>et,</span> <span class='ocrx_word' id='word_1_202' title='bbox 469 2675 550 2749; x_wconf 92' lang='lat' dir='ltr'>quod</span> <span class='ocrx_word' id='word_1_203' title='bbox 573 2675 717 2753; x_wconf 89' lang='lat' dir='ltr'>oppidum</span> <span class='ocrx_word' id='word_1_204' title='bbox 747 2673 907 2732; x_wconf 84' lang='lat' dir='ltr'>Genabum</span> <span class='ocrx_word' id='word_1_205' title='bbox 934 2693 1011 2751; x_wconf 89' lang='lat' dir='ltr'>pons</span> <span class='ocrx_word' id='word_1_206' title='bbox 1040 2671 1174 2734; x_wconf 91' lang='lat' dir='ltr'>fluminis</span> 
     </span>
     <span class='ocr_line' id='line_1_29' title="bbox 173 2757 1173 2837; baseline 0.004 -22"><span class='ocrx_word' id='word_1_207' title='bbox 173 2757 294 2833; x_wconf 88' lang='lat' dir='ltr'>Ligeris</span> <span class='ocrx_word' id='word_1_208' title='bbox 317 2759 521 2835; x_wconf 86' lang='lat' dir='ltr'>contingebat,</span> <span class='ocrx_word' id='word_1_209' title='bbox 556 2761 681 2834; x_wconf 76' lang='lat' dir='ltr'>verituS,</span> <span class='ocrx_word' id='word_1_210' title='bbox 715 2779 753 2818; x_wconf 89' lang='lat' dir='ltr'>ne</span> <span class='ocrx_word' id='word_1_211' title='bbox 787 2766 880 2817; x_wconf 90' lang='lat' dir='ltr'>noctu</span> <span class='ocrx_word' id='word_1_212' title='bbox 910 2778 946 2817; x_wconf 86' lang='lat' dir='ltr'>ex</span> <span class='ocrx_word' id='word_1_213' title='bbox 969 2759 1080 2837; x_wconf 92' lang='lat' dir='ltr'>oppido</span> <span class='ocrx_word' id='word_1_214' title='bbox 1102 2780 1173 2837; x_wconf 90' lang='lat' dir='ltr'>pro·</span> 
     </span>
     <span class='ocr_line' id='line_1_30' title="bbox 173 2841 1173 2921; baseline 0.004 -21"><span class='ocrx_word' id='word_1_215' title='bbox 173 2841 325 2919; x_wconf 82' lang='lat' dir='ltr'>fugerent,</span> <span class='ocrx_word' id='word_1_216' title='bbox 349 2843 426 2902; x_wconf 85' lang='lat' dir='ltr'>duas</span> <span class='ocrx_word' id='word_1_217' title='bbox 448 2844 584 2921; x_wconf 85' lang='lat' dir='ltr'>legiones</span> <span class='ocrx_word' id='word_1_218' title='bbox 606 2846 638 2903; x_wconf 91' lang='lat' dir='ltr'>in</span> <span class='ocrx_word' id='word_1_219' title='bbox 668 2845 759 2903; x_wconf 90' lang='lat' dir='ltr'>armis</span> <span class='ocrx_word' id='word_1_220' title='bbox 788 2845 938 2903; x_wconf 87' lang='lat' dir='ltr'>excubare</span> <span class='ocrx_word' id='word_1_221' title='bbox 962 2844 1060 2921; x_wconf 87' lang='lat' dir='ltr'>jubet.</span> <span class='ocrx_word' id='word_1_222' title='bbox 1113 2845 1173 2904; x_wconf 84' lang='lat' dir='ltr'>Ge-</span> 
     </span>
     <span class='ocr_line' id='line_1_31' title="bbox 174 2928 1173 3008; baseline 0.003 -22"><span class='ocrx_word' id='word_1_223' title='bbox 174 2928 325 2987; x_wconf 86' lang='lat' dir='ltr'>nabenses</span> <span class='ocrx_word' id='word_1_224' title='bbox 348 2930 438 3007; x_wconf 90' lang='lat' dir='ltr'>paulo</span> <span class='ocrx_word' id='word_1_225' title='bbox 462 2938 533 2989; x_wconf 85' lang='lat' dir='ltr'>ante</span> <span class='ocrx_word' id='word_1_226' title='bbox 554 2930 686 2989; x_wconf 85' lang='lat' dir='ltr'>mediam</span> <span class='ocrx_word' id='word_1_227' title='bbox 707 2937 827 2988; x_wconf 90' lang='lat' dir='ltr'>noctem</span> <span class='ocrx_word' id='word_1_228' title='bbox 850 2929 970 2988; x_wconf 86' lang='lat' dir='ltr'>silentio</span> <span class='ocrx_word' id='word_1_229' title='bbox 1000 2948 1037 2987; x_wconf 88' lang='lat' dir='ltr'>ex</span> <span class='ocrx_word' id='word_1_230' title='bbox 1060 2929 1173 3008; x_wconf 91' lang='lat' dir='ltr'>oppido</span> 
     </span>
    </p>
   </div>
   <div class='ocr_carea' id='block_1_3' title="bbox 81 3014 1175 3094">
    <p class='ocr_par' dir='ltr' id='par_1_4' title="bbox 81 3014 1175 3094">
     <span class='ocr_line' id='line_1_32' title="bbox 81 3014 1175 3094; baseline 0.001 -22"><span class='ocrx_word' id='word_1_231' title='bbox 81 3058 84 3063; x_wconf 80' lang='grc'>.</span> <span class='ocrx_word' id='word_1_232' title='bbox 175 3014 292 3090; x_wconf 89' lang='lat' dir='ltr'>egressi</span> <span class='ocrx_word' id='word_1_233' title='bbox 313 3014 425 3074; x_wconf 90' lang='lat' dir='ltr'>flumen</span> <span class='ocrx_word' id='word_1_234' title='bbox 453 3017 584 3076; x_wconf 88' lang='lat' dir='ltr'>transire</span> <span class='ocrx_word' id='word_1_235' title='bbox 613 3022 779 3094; x_wconf 89' lang='lat' dir='ltr'>coeperunt.</span> <span class='ocrx_word' id='word_1_236' title='bbox 833 3014 899 3085; x_wconf 80' lang='lat' dir='ltr'>Qua</span> <span class='ocrx_word' id='word_1_237' title='bbox 927 3034 1043 3093; x_wconf 88' lang='lat' dir='ltr'>repar</span> <span class='ocrx_word' id='word_1_238' title='bbox 1071 3016 1175 3093; x_wconf 85' lang='lat' dir='ltr'>explo-</span> 
     </span>
    </p>
   </div>
   <div class='ocr_carea' id='block_1_4' title="bbox 173 3101 1175 3946">
    <p class='ocr_par' dir='ltr' id='par_1_5' title="bbox 173 3101 1175 3946">
     <span class='ocr_line' id='line_1_33' title="bbox 174 3101 1175 3179; baseline 0.003 -23"><span class='ocrx_word' id='word_1_239' title='bbox 174 3106 292 3158; x_wconf 90' lang='lat' dir='ltr'>ratores</span> <span class='ocrx_word' id='word_1_240' title='bbox 324 3101 464 3160; x_wconf 89' lang='lat' dir='ltr'>nuntiata</span> <span class='ocrx_word' id='word_1_241' title='bbox 488 3101 592 3160; x_wconf 82' lang='lat' dir='ltr'>Caesar</span> <span class='ocrx_word' id='word_1_242' title='bbox 624 3102 770 3179; x_wconf 84' lang='lat' dir='ltr'>legiones,</span> <span class='ocrx_word' id='word_1_243' title='bbox 806 3118 883 3176; x_wconf 83' lang='lat' dir='ltr'>quas</span> <span class='ocrx_word' id='word_1_244' title='bbox 914 3101 1075 3178; x_wconf 84' lang='lat' dir='ltr'>expeditas</span> <span class='ocrx_word' id='word_1_245' title='bbox 1105 3119 1175 3160; x_wconf 90' lang='lat' dir='ltr'>esse</span> 
     </span>
     <span class='ocr_line' id='line_1_34' title="bbox 173 3184 1175 3264; baseline 0.003 -22"><span class='ocrx_word' id='word_1_246' title='bbox 173 3184 319 3260; x_wconf 86' lang='lat' dir='ltr'>jusserat,</span> <span class='ocrx_word' id='word_1_247' title='bbox 342 3186 439 3262; x_wconf 88' lang='lat' dir='ltr'>portis</span> <span class='ocrx_word' id='word_1_248' title='bbox 472 3187 605 3246; x_wconf 87' lang='lat' dir='ltr'>incensis</span> <span class='ocrx_word' id='word_1_249' title='bbox 627 3186 803 3246; x_wconf 91' lang='lat' dir='ltr'>intromittit</span> <span class='ocrx_word' id='word_1_250' title='bbox 835 3193 926 3261; x_wconf 85' lang='lat' dir='ltr'>atque</span> <span class='ocrx_word' id='word_1_251' title='bbox 955 3185 1067 3264; x_wconf 90' lang='lat' dir='ltr'>oppido</span> <span class='ocrx_word' id='word_1_252' title='bbox 1095 3186 1175 3263; x_wconf 70' lang='lat' dir='ltr'>poti·</span> 
     </span>
     <span class='ocr_line' id='line_1_35' title="bbox 174 3270 1175 3348; baseline 0.003 -21"><span class='ocrx_word' id='word_1_253' title='bbox 174 3275 233 3343; x_wconf 90' lang='lat' dir='ltr'>tur,</span> <span class='ocrx_word' id='word_1_254' title='bbox 266 3271 428 3348; x_wconf 84' lang='lat' dir='ltr'>perpaucis</span> <span class='ocrx_word' id='word_1_255' title='bbox 462 3291 499 3330; x_wconf 86' lang='lat' dir='ltr'>ex</span> <span class='ocrx_word' id='word_1_256' title='bbox 531 3273 664 3332; x_wconf 89' lang='lat' dir='ltr'>hostium</span> <span class='ocrx_word' id='word_1_257' title='bbox 702 3291 826 3330; x_wconf 88' lang='lat' dir='ltr'>numero</span> <span class='ocrx_word' id='word_1_258' title='bbox 861 3270 1060 3346; x_wconf 91' lang='lat' dir='ltr'>desideratis,</span> <span class='ocrx_word' id='word_1_259' title='bbox 1101 3272 1175 3346; x_wconf 92' lang='lat' dir='ltr'>quin</span> 
     </span>
     <span class='ocr_line' id='line_1_36' title="bbox 176 3355 1175 3434; baseline 0.001 -21"><span class='ocrx_word' id='word_1_260' title='bbox 176 3355 277 3413; x_wconf 88' lang='lat' dir='ltr'>cuncti</span> <span class='ocrx_word' id='word_1_261' title='bbox 310 3363 500 3431; x_wconf 88' lang='lat' dir='ltr'>caperentur,</span> <span class='ocrx_word' id='word_1_262' title='bbox 535 3357 616 3432; x_wconf 92' lang='lat' dir='ltr'>quod</span> <span class='ocrx_word' id='word_1_263' title='bbox 639 3357 751 3434; x_wconf 65' lang='lat' dir='ltr'>{pontis</span> <span class='ocrx_word' id='word_1_264' title='bbox 785 3363 876 3431; x_wconf 88' lang='lat' dir='ltr'>atque</span> <span class='ocrx_word' id='word_1_265' title='bbox 909 3355 1051 3415; x_wconf 89' lang='lat' dir='ltr'>itinerum</span> <span class='ocrx_word' id='word_1_266' title='bbox 1080 3377 1175 3434; x_wconf 88' lang='lat' dir='ltr'>angu-</span> 
     </span>
     <span class='ocr_line' id='line_1_37' title="bbox 176 3439 1175 3519; baseline 0.002 -20"><span class='ocrx_word' id='word_1_267' title='bbox 176 3439 244 3499; x_wconf 89' lang='lat' dir='ltr'>stiae</span> <span class='ocrx_word' id='word_1_268' title='bbox 266 3439 469 3501; x_wconf 90' lang='lat' dir='ltr'>multitudinis</span> <span class='ocrx_word' id='word_1_269' title='bbox 491 3441 598 3518; x_wconf 87' lang='lat' dir='ltr'>fugam</span> <span class='ocrx_word' id='word_1_270' title='bbox 625 3441 868 3500; x_wconf 81' lang='lat' dir='ltr'>intercluserunt.</span> <span class='ocrx_word' id='word_1_271' title='bbox 920 3440 1074 3519; x_wconf 90' lang='lat' dir='ltr'>Oppidum</span> <span class='ocrx_word' id='word_1_272' title='bbox 1103 3441 1175 3501; x_wconf 88' lang='lat' dir='ltr'>diri-</span> 
     </span>
     <span class='ocr_line' id='line_1_38' title="bbox 174 3525 1173 3604; baseline 0.003 -21"><span class='ocrx_word' id='word_1_273' title='bbox 174 3526 222 3604; x_wconf 89' lang='lat' dir='ltr'>pit</span> <span class='ocrx_word' id='word_1_274' title='bbox 243 3530 334 3600; x_wconf 88' lang='lat' dir='ltr'>atque</span> <span class='ocrx_word' id='word_1_275' title='bbox 356 3526 500 3602; x_wconf 89' lang='lat' dir='ltr'>incendit,</span> <span class='ocrx_word' id='word_1_276' title='bbox 524 3527 659 3604; x_wconf 82' lang='lat' dir='ltr'>praedam</span> <span class='ocrx_word' id='word_1_277' title='bbox 686 3526 834 3585; x_wconf 91' lang='lat' dir='ltr'>militibus</span> <span class='ocrx_word' id='word_1_278' title='bbox 863 3525 969 3600; x_wconf 88' lang='lat' dir='ltr'>donat;</span> <span class='ocrx_word' id='word_1_279' title='bbox 1005 3526 1173 3586; x_wconf 88' lang='lat' dir='ltr'>exercitum</span> 
     </span>
     <span class='ocr_line' id='line_1_39' title="bbox 175 3610 1097 3690; baseline 0.001 -21"><span class='ocrx_word' id='word_1_280' title='bbox 175 3611 310 3687; x_wconf 88' lang='lat' dir='ltr'>Ligerim</span> <span class='ocrx_word' id='word_1_281' title='bbox 331 3611 465 3670; x_wconf 88' lang='lat' dir='ltr'>traducit</span> <span class='ocrx_word' id='word_1_282' title='bbox 487 3619 579 3687; x_wconf 86' lang='lat' dir='ltr'>atque</span> <span class='ocrx_word' id='word_1_283' title='bbox 600 3613 632 3670; x_wconf 91' lang='lat' dir='ltr'>in</span> <span class='ocrx_word' id='word_1_284' title='bbox 654 3612 827 3687; x_wconf 90' lang='lat' dir='ltr'>Biturigum</span> <span class='ocrx_word' id='word_1_285' title='bbox 849 3610 925 3670; x_wconf 88' lang='lat' dir='ltr'>fines</span> <span class='ocrx_word' id='word_1_286' title='bbox 947 3612 1097 3690; x_wconf 82' lang='lat' dir='ltr'>pervenit.</span> 
     </span>
     <span class='ocr_line' id='line_1_40' title="bbox 261 3695 1174 3774; baseline 0.002 -20"><span class='ocrx_word' id='word_1_287' title='bbox 261 3696 339 3754; x_wconf 89' lang='lat' dir='ltr'><strong>XII.</strong></span> <span class='ocrx_word' id='word_1_288' title='bbox 374 3697 606 3774; x_wconf 88' lang='lat' dir='ltr'>Vercingetorix</span> <span class='ocrx_word' id='word_1_289' title='bbox 628 3697 682 3755; x_wconf 93' lang='lat' dir='ltr'>ubi</span> <span class='ocrx_word' id='word_1_290' title='bbox 704 3697 742 3755; x_wconf 90' lang='lat' dir='ltr'>de</span> <span class='ocrx_word' id='word_1_291' title='bbox 761 3695 892 3755; x_wconf 82' lang='lat' dir='ltr'>Oaesaris</span> <span class='ocrx_word' id='word_1_292' title='bbox 915 3696 1050 3757; x_wconf 87' lang='lat' dir='ltr'>adventu</span> <span class='ocrx_word' id='word_1_293' title='bbox 1065 3717 1174 3774; x_wconf 92' lang='lat' dir='ltr'>cogno·</span> 
     </span>
     <span class='ocr_line' id='line_1_41' title="bbox 175 3781 1175 3860; baseline -0.001 -19"><span class='ocrx_word' id='word_1_294' title='bbox 175 3782 229 3856; x_wconf 86' lang='lat' dir='ltr'>vit,</span> <span class='ocrx_word' id='word_1_295' title='bbox 253 3782 478 3860; x_wconf 89' lang='lat' dir='ltr'>oppugnatione</span> <span class='ocrx_word' id='word_1_296' title='bbox 501 3782 619 3841; x_wconf 87' lang='lat' dir='ltr'>destitit</span> <span class='ocrx_word' id='word_1_297' title='bbox 646 3789 736 3857; x_wconf 88' lang='lat' dir='ltr'>atque</span> <span class='ocrx_word' id='word_1_298' title='bbox 767 3782 887 3842; x_wconf 86' lang='lat' dir='ltr'>obviam</span> <span class='ocrx_word' id='word_1_299' title='bbox 911 3781 1026 3840; x_wconf 72' lang='lat' dir='ltr'>(lassari</span> <span class='ocrx_word' id='word_1_300' title='bbox 1054 3781 1175 3860; x_wconf 89' lang='lat' dir='ltr'>profici-</span> 
     </span>
     <span class='ocr_line' id='line_1_42' title="bbox 177 3867 1175 3946; baseline 0.003 -22"><span class='ocrx_word' id='word_1_301' title='bbox 177 3867 280 3925; x_wconf 89' lang='lat' dir='ltr'>scitur.</span> <span class='ocrx_word' id='word_1_302' title='bbox 325 3868 384 3926; x_wconf 89' lang='lat' dir='ltr'>Ille</span> <span class='ocrx_word' id='word_1_303' title='bbox 407 3867 551 3946; x_wconf 92' lang='lat' dir='ltr'>oppidum</span> <span class='ocrx_word' id='word_1_304' title='bbox 573 3867 747 3944; x_wconf 86' lang='lat' dir='ltr'>Biturigum</span> <span class='ocrx_word' id='word_1_305' title='bbox 768 3867 901 3944; x_wconf 91' lang='lat' dir='ltr'>positum</span> <span class='ocrx_word' id='word_1_306' title='bbox 927 3867 959 3925; x_wconf 91' lang='lat' dir='ltr'>in</span> <span class='ocrx_word' id='word_1_307' title='bbox 989 3867 1040 3927; x_wconf 87' lang='lat' dir='ltr'>via</span> <span class='ocrx_word' id='word_1_308' title='bbox 1062 3867 1175 3929; x_wconf 88' lang='lat' dir='ltr'>Novio·</span> 
     </span>
    </p>
   </div>
   <div class='ocr_carea' id='block_1_5' title="bbox 76 3951 1175 4031">
    <p class='ocr_par' dir='ltr' id='par_1_6' title="bbox 76 3951 1175 4031">
     <span class='ocr_line' id='line_1_43' title="bbox 76 3951 1175 4031; baseline 0.003 -22"><span class='ocrx_word' id='word_1_309' title='bbox 76 4001 82 4010; x_wconf 93' lang='lat'>.</span> <span class='ocrx_word' id='word_1_310' title='bbox 176 3951 290 4010; x_wconf 90' lang='lat' dir='ltr'>dunum</span> <span class='ocrx_word' id='word_1_311' title='bbox 323 3973 499 4031; x_wconf 90' lang='lat' dir='ltr'>oppugnare</span> <span class='ocrx_word' id='word_1_312' title='bbox 532 3953 715 4012; x_wconf 87' lang='lat' dir='ltr'>instituerat.</span> <span class='ocrx_word' id='word_1_313' title='bbox 768 3951 834 4024; x_wconf 77' lang='lat' dir='ltr'>Quo</span> <span class='ocrx_word' id='word_1_314' title='bbox 869 3971 907 4010; x_wconf 86' lang='lat' dir='ltr'>ex</span> <span class='ocrx_word' id='word_1_315' title='bbox 941 3952 1052 4030; x_wconf 89' lang='lat' dir='ltr'>oppido</span> <span class='ocrx_word' id='word_1_316' title='bbox 1081 3973 1175 4028; x_wconf 89' lang='lat' dir='ltr'>quum</span> 
     </span>
    </p>
   </div>
   <div class='ocr_carea' id='block_1_6' title="bbox 0 0 1347 4456">
    <p class='ocr_par' dir='ltr' id='par_1_7' title="bbox 0 0 1347 4456">
     <span class='ocr_line' id='line_1_44' title="bbox 0 0 1347 4456; baseline 0 0"><span class='ocrx_word' id='word_1_317' title='bbox 0 0 1347 4456; x_wconf 95' lang='lat' dir='ltr'> </span> 
     </span>
    </p>
   </div>
  </div>
 </body>
</html>
