2670 4456
593 251 765 305 11611111.
1123 260 1161 318 77

152 445 242 505 vibus
265 445 432 504 meridiano
455 444 522 505 fere
544 452 690 523 tempore,
719 466 819 521 neque
847 446 879 504 in
908 465 943 504 eo
972 446 1039 505 loco
1062 446 1161 506 hostis

152 538 199 591 est
220 531 323 607 visus,
356 531 425 606 sed,
455 540 490 590 ut
517 537 627 609 postea
650 530 754 590 Caesar
783 551 820 590 ex
849 531 979 609 captivis
1008 533 1160 609 cognovit,

108 640 112 644 ·
155 637 247 694 quum
275 636 394 693 magnas
422 637 530 676 manus
559 637 594 677 eo
625 617 855 692 convenissent,
885 617 1080 677 multitudine
1107 639 1160 677 na-

153 703 236 763 vium
263 703 434 781 perterritae
464 702 544 778 (61166
573 723 642 762 cum
672 703 826 762 annotinis
855 702 1059 780 privatisque,
1084 723 1160 779 quas

151 788 199 847 sui
237 789 367 864 quisque
406 788 556 848 commodi
590 807 683 848 causa
718 787 845 863 fecerat,
888 789 1018 866 amplius
1052 787 1160 848 11000

151 894 210 933 uno
234 881 322 933 erant
343 874 419 933 visae
443 873 591 952 tempore)
620 874 749 933 alitore
772 874 979 932 discesserant
1009 894 1044 933 ac
1073 895 1106 934 se
1129 876 1160 934 in

154 959 312 1037 superiora
333 959 401 1020 loca
424 959 615 1020 abdiderant.

234 1045 294 1104 IX.
342 1043 446 1104 Caesar
475 1045 612 1123 exposito
641 1045 777 1105 exercitu
806 1051 837 1103 et
864 1044 931 1104 loco
962 1045 1072 1104 castris
1094 1045 1159 1104 ido-

126 1124 204 1190 ‘neo
239 1136 329 1208 capto
362 1131 415 1189 ubi
449 1150 486 1189 611
521 1131 650 1208 captivis
686 1131 837 1208 cognovit,
873 1150 932 1206 6116
962 1129 994 1188 in
1015 1130 1083 1189 loco
1107 1131 1159 1190 ho-

150 1215 242 1274 stium
266 1215 363 1294 copiae
388 1215 610 1291 consedissem,
635 1217 812 1276 cohortibus
834 1216 867 1275 X
897 1216 936 1274 ad
966 1236 1049 1275 mare
1071 1216 1159 1274 relic-

149 1301 189 1359 tis
213 1309 243 1360 61
267 1301 421 1377 equitibus
446 1300 531 1376 000,
562 1303 614 1378 qui
642 1302 786 1380 praesidio
815 1302 945 1361 navibus
969 1308 1086 1376 essent,
1122 1301 1159 1361 de

149 1387 239 1445 tertia
261 1387 367 1464 vigilia
390 1387 430 1446 ad
452 1388 557 1446 hostes
582 1388 747 1462 contendit,
780 1408 814 1446 66
843 1388 943 1447 minus
966 1388 1083 1447 veritus
1106 1408 1159 1446 na-

148 1472 247 1544 vibus,
283 1472 365 1548 quod
396 1473 428 1530 in
462 1473 551 1532 litore
579 1474 661 1532 1116111
690 1481 782 1549 616116
812 1480 917 1550 666116
947 1473 1096 1550 deligatas
1120 1474 1159 1532 ad

149 1577 291 1616 ancoram
312 1558 515 1633 relinquebat,
540 1566 571 1618 et
593 1559 736 1637 praesidio
759 1559 952 1634 navibusque
976 1558 1012 1630 Q.
1035 1559 1159 1617 Atrium

148 1642 297 1721 praefecit.
351 1645 425 1722 Ipse
453 1651 546 1703 noctu
572 1664 755 1722 progressus
786 1645 868 1702 milia
897 1664 1045 1722 passuum
1073 1645 1158 1703 circi-

148 1736 197 1787 ter
217 1729 286 1788 XII
308 1729 443 1788 hostium
473 1729 578 1808 copias
608 1730 804 1808 conspicatus
834 1736 890 1788 est.
941 1729 992 1787 Illi
1022 1730 1159 1804 equitatu

148 1821 239 1890 atque
273 1815 391 1874 essedis
426 1814 465 1874 ad
493 1814 606 1874 flumen
620 1862 623 1871 „
639 1816 796 1892 progressi
829 1834 866 1873 ex
900 1814 966 1873 loco
1002 1815 1158 1892 6116611616

147 1907 269 1959 nostros
306 1901 469 1978 prohibere
509 1908 540 1959 et
578 1902 719 1978 proelium
760 1901 949 1960 committere
989 1908 1156 1978 coeperunt.

146 1986 276 2064 Repulsi
299 1987 337 2045 ab
361 1987 498 2062 equitatu
522 2006 555 2046 se
574 1988 606 2046 in
624 1988 718 2048 silvas
738 1987 929 2062 abdiderunt,
953 1986 1053 2045 locum
1076 1988 1158 2046 nacti

148 2071 269 2148 egregie
304 2078 334 2131 et
366 2081 476 2131 natura
506 2079 537 2130 et
571 2094 662 2151 66616
690 2074 850 2148 munitum,
886 2093 976 2149 quam
999 2072 1158 2131 domestici

146 2157 229 2233 belli,
248 2164 283 2216 ut
300 2157 494 2233 videbantur,
514 2178 608 2217 causa
627 2159 693 2236 jam
710 2166 780 2218 ante
796 2166 1063 2236 praeparaverant3
1087 2179 1157 2215 nam

148 2243 263 2302 crebris
298 2244 459 2302 arboribus
494 2245 623 2302 succisis
653 2264 758 2303 omnes
792 2244 935 2302 introitus
967 2250 1054 2301 erant
1077 2263 1156 2320 prae·

147 2328 232 2388 clusi.
278 2329 346 2407 Ipsi
374 2348 411 2387 ex
440 2329 526 2388 silvis
554 2331 615 2388 rari
646 2330 881 2408 propugnabant
908 2336 1092 2402 nostrosque
1113 2329 1157 2385 in-

137 2420 194 2478 ¹tra
215 2414 398 2473 munitiones
420 2414 539 2491 ingredi
567 2415 778 2493 prohibebant.
824 2413 868 2471 At
891 2413 1003 2471 milites
1028 2413 1157 2489 legionis

147 2499 287 2577 septimae
320 2500 477 2559 testudine
510 2498 595 2558 facta
629 2508 659 2559 et
694 2520 806 2577 aggere
835 2498 875 2557 ad
897 2498 1080 2557 munitiones
1105 2498 1157 2556 ad·

141 2584 225 2662 jecto
248 2585 349 2644 locum
372 2592 518 2663 ceperunt
545 2605 658 2662 eosque
688 2606 725 2645 ex
755 2585 841 2645 silvis
870 2584 1053 2662 expulerunt
1080 2605 1155 2662 pau-

146 2671 190 2730 cis
213 2671 391 2731 vulneribus
414 2671 559 2749 acceptis.
605 2671 667 2730 Sed
690 2691 742 2730 eos
765 2670 920 2748 fugientes
943 2671 1065 2747 longius
1091 2670 1155 2729 an-

145 2775 197 2815 sar
217 2757 363 2834 prosequi
384 2756 491 2832 vetuit,
516 2764 546 2816 et
569 2758 651 2833 quod
672 2758 732 2816 loci
754 2764 894 2817 naturam
923 2756 1100 2834 ignorabat,
1126 2765 1156 2814 et

146 2842 227 2917 quod
249 2862 360 2918 magna
381 2850 469 2920 parte
499 2842 559 2901 diei
587 2851 768 2922 consumpta
795 2843 955 2900 munitioni
988 2849 1157 2900 castrorum

146 2934 268 3005 tempus
291 2927 422 3002 relinqui
445 2928 578 2988 volebat.

230 3013 271 3071 X.
316 3012 470 3072 Postridie
492 3013 558 3071 eius
581 3012 641 3072 diei
662 3033 750 3072 mane
769 3012 920 3090 1116611116
938 3011 1049 3069 milites
1072 3012 1155 3086 66111-

144 3105 253 3174 tesqua
275 3097 308 3156 in
330 3098 553 3176 expeditionem
575 3099 667 3174 misit,
691 3105 726 3157 ut
749 3118 811 3171 eos,
836 3097 887 3172 qui
909 3095 1063 3173 fugerant,
1086 3117 1154 3173 per-

145 3190 354 3259 sequerentur.
405 3183 464 3242 His
494 3184 683 3259 aliquantum
710 3183 830 3242 itineris
857 3181 1032 3260 progressis
1063 3202 1155 3257 quum

141 3268 207 3346 jam
241 3269 368 3329 extremi
402 3275 506 3328 essent
538 3269 570 3327 in
597 3277 773 3347 prospectu,
809 3268 927 3344 equites
958 3288 975 3326 a
1007 3267 1155 3339 661111

145 3354 184 3413 ad
207 3353 361 3414 0666616111
388 3361 551 3429 venerunt,
587 3355 639 3431 6111
670 3354 848 3413 nuntiarent
882 3354 1040 3430 6116611616
1063 3362 1155 3413 nocte

143 3440 275 3499 maxima
303 3445 407 3499 coorta
434 3447 617 3518 tempestate
643 3460 739 3519 prope
768 3459 872 3499 omnes
902 3459 998 3499 naves
1022 3438 1155 3498 afflictas

145 3532 236 3601 atque
258 3525 401 3585 inlitora
424 3525 540 3602 ejectas
564 3545 642 3600 esse,
667 3526 748 3601 quod
770 3544 869 3601 neque
902 3544 1021 3583 ancorae
1050 3523 1154 3582 funes·
1258 3553 1261 3557 .

145 3631 204 3686 6116
243 3611 463 3686 subsisterent,
505 3631 606 3686 neque
638 3617 741 3670 nautae
775 3612 1059 3688 gubernatoresque
1093 3609 1154 3667 vim

144 3697 337 3774 tempestatis
359 3697 424 3774 pati
446 3703 588 3774 possent,
611 3697 715 3773 itaque
739 3717 776 3756 ax
799 3717 834 3755 eo
858 3713 1009 3754 concursu
1030 3694 1169 3754 navium'

144 3802 289 3859 magnum
312 3801 381 3840 esse
404 3781 628 3839 incommodum
652 3789 821 3860 acceptum.

230 3867 290 3926 XI.
335 3867 393 3926 His
416 3867 508 3924 rebus
532 3868 662 3943 cognitis
686 3867 791 3926 066661
812 3866 948 3942 legiones
972 3863 1153 3939 equitatum-

146 3971 205 4027 que
234 3953 372 4012 revocari
400 3958 491 4027 atque
519 3951 551 4010 in
579 3953 686 4012 itinere
714 3953 859 4012 resistere
884 3949 987 4026 jubet3
1018 3950 1084 4033 ipse
1115 3949 1154 4008 ad
