2670 4456
203 273 263 330 108
508 262 561 314 nn
578 260 706 314 11111
726 260 907 314 eunuco

199 460 246 518 los
269 458 393 531 ducunt,
418 476 494 532 quos
518 466 645 513 cernunt
672 470 704 513 11
732 476 860 530 quorum
889 464 993 532 aperte
1022 455 1132 531 opibus
1156 455 1207 531 ju-

201 558 321 617 vantur,
346 542 447 601 Solem
470 549 501 599 et
511 541 683 600 Vulcanum
706 552 737 600 et
759 541 892 613 Lunam;
916 540 1050 614 reliquos
1068 559 1108 598 ne
1124 538 1208 599 fama

201 630 323 705 quidem
346 633 536 704 acceperunt.
582 627 655 685 Vita
683 628 780 684 omnis
808 627 840 684 in
873 625 1086 707 venationibus
1115 632 1208 701 atque

200 716 231 773 in
255 714 367 772 studiis
389 714 434 770 rei
462 713 603 770 militaris
626 713 782 783 consistit;
815 713 853 770 ab
883 711 1021 788 parvulis
1048 710 1148 768 labori
1171 731 1208 770 ac

201 800 320 858 duritiae
344 798 477 857 student.
513 797 572 868 Qui
594 797 764 856 diutissime
775 798 950 874 impuberes
961 804 1207 873 permanserimt,

201 885 361 943 maximam
388 885 468 943 inter
498 903 569 941 suos
599 882 701 941 ferunt
727 883 866 951 laudem;
897 882 955 940 hoc
984 882 1024 939 ali
1047 890 1207 958 staturam,

201 971 240 1029 ali
270 971 352 1029 vires
384 988 556 1043 nervosque
591 968 763 1026 confirmari
797 976 916 1047 putant.
973 968 1060 1025 Intra
1096 987 1209 1026 annum

200 1076 273 1114 vero
296 1056 473 1114 vicesimum
497 1055 618 1112 feminae
640 1055 778 1112 notitiam
800 1054 946 1111 habuisse
967 1053 999 1110 in
1021 1053 1209 1130 turpissimis

200 1142 314 1200 habent
341 1142 449 1211 rebus;
483 1139 570 1214 cujus
603 1140 648 1199 rei
675 1141 760 1198 nulla
788 1147 836 1198 est
863 1138 1035 1212 occultatio,
1066 1139 1148 1213 quod
1177 1145 1209 1197 et

200 1227 372 1304 promiscue
394 1226 426 1283 in
448 1224 623 1284 fluminibus
645 1226 826 1303 perluuntur
849 1232 880 1282 et
901 1223 1034 1301 pellibus
1062 1232 1206 1302 111111-
1284 1262 1289 1269 -

200 1312 248 1370 vis
279 1331 425 1369 renonum
458 1311 630 1387 tegimentis
652 1318 779 1369 11111111
806 1329 917 1386 magna
951 1309 1086 1386 corporis
1119 1318 1208 1387 parte

203 1397 295 1454 nuda.

287 1481 396 1538 XXII.
447 1481 652 1556 Agriculturae
685 1502 746 1539 non
779 1481 917 1553 student,
950 1479 1106 1555 majorque
1133 1499 1208 1557 pars

202 1587 307 1625 eorum
340 1567 440 1625 victus
475 1567 505 1624 in
527 1567 625 1638 laete,
650 1586 754 1640 caseo,
790 1586 881 1625 carne
915 1564 1072 1641 consistit,
1107 1584 1206 1640 neque

202 1653 364 1727 quisquam
387 1653 452 1728 agri
474 1651 597 1709 modum
620 1660 737 1710 certum
759 1659 812 1710 aut
838 1651 915 1710 fines
937 1650 1031 1708 habet
1051 1651 1204 1728 proprios

202 1737 259 1796 sed
293 1737 491 1814 magistratus
520 1758 556 1795 ae
588 1737 742 1814 principes
770 1737 801 1794 in
830 1757 925 1795 annos
949 1736 1085 1812 singulos
1108 1735 1207 1811 genti-

200 1825 258 1880 bus
282 1823 573 1899 cognationibusque
595 1823 758 1896 hominum,
782 1823 833 1896 qui
856 1842 916 1880 una
939 1822 1085 1895 coierunt,
1110 1841 1205 1896 quan-

202 1916 265 1965 tum
288 1916 319 1966 et
342 1929 401 1982 quo
423 1909 489 1966 loco
512 1909 612 1966 visum
634 1915 682 1966 est
704 1908 785 1984 agri,
815 1908 985 1965 attribuunt
1014 1915 1105 1980 atque
1128 1926 1208 1965 anno

201 2000 273 2070 post
296 1994 354 2050 alio
378 1993 509 2051 transire
532 2004 653 2068 cogimt.
693 1993 771 2069 Ejus
790 1994 835 2052 rei
850 1993 962 2051 multas
981 1990 1116 2050 afferunt
1132 2011 1204 2050 eau-

202 2097 267 2136 sas:
298 2098 337 2136 ne
365 2078 489 2136 assidua
523 2078 741 2138 consvetudine
770 2079 852 2155 capti
886 2078 1022 2137 studium
1048 2077 1123 2135 belli
1150 2097 1205 2154 ge-

200 2163 287 2222 rendi
309 2164 496 2239 agricultura
518 2172 712 2233 commutent,
736 2165 876 2223 uelatos
905 2162 981 2222 fines
1010 2182 1119 2240 parare
1142 2170 1208 2221 stu-

202 2249 294 2308 deant
315 2250 562 2327 potentioresque
579 2249 756 2308 humiliores
773 2249 1021 2326 possessionibus
1040 2247 1207 2324 expellant,

201 2354 240 2393 ne
263 2335 435 2393 accuratius
459 2335 498 2392 ad
520 2334 635 2412 frigora
658 2331 749 2409 atque
772 2342 867 2393 aestus
884 2333 1026 2394 vitandos
1045 2326 1208 2407 aedificent,

201 2441 240 2479 ne
263 2440 324 2494 qua
347 2420 461 2478 oriatur
488 2420 627 2497 pecuniae
657 2420 825 2497 cupiditas,
856 2441 915 2495 qua
938 2439 976 2477 ex
999 2417 1209 2478 refectiones

203 2505 470 2579 dissensionesque
503 2515 680 2577 nascuntur,
715 2513 750 2563 ut
783 2506 874 2563 animi
909 2505 1052 2579 aequitate
1085 2503 1210 2581 plebem

203 2591 386 2663 contineant,
411 2610 502 2665 quum
526 2610 598 2648 suas
622 2591 750 2665 quisque
779 2610 853 2668 opes
884 2611 953 2649 cum
986 2589 1209 2666 potentissimis

203 2675 318 2749 aequari
340 2674 453 2733 videat.

288 2759 416 2816 XXIII.
463 2759 646 2818 Civitatibus
663 2761 794 2818 maxima
810 2761 878 2819 laus
890 2769 938 2819 111
955 2780 1046 2835 quam
1058 2760 1209 2819 latissime

203 2844 315 2902 circum
339 2863 372 2902 se
395 2845 525 2903 vastatis
547 2843 659 2903 finibus
683 2845 863 2904 solitudines
884 2847 1008 2904 habere.
1052 2845 1207 2921 Hoopro-

202 2929 302 3006 prium
324 2929 447 2990 virtutis
471 2931 654 3007 existimant,
679 2931 822 3008 expulsos
839 2932 921 3008 agris
940 2929 1085 2989 finitimos
1097 2931 1209 3007 cedere

202 3035 301 3090 neque
331 3035 512 3091 quemquam
540 3036 636 3093 prope
665 3016 777 3075 audere
812 3018 994 3091 consistere,
1031 3016 1121 3075 simul
1149 3016 1209 3076 hoc

203 3120 236 3159 11
259 3099 324 3158 fore
347 3101 475 3159 tutiores
499 3101 686 3160 arbitrantur
707 3102 874 3178 repentinae
897 3102 1080 3161 incursionis
1098 3103 1210 3161 timore

203 3185 332 3243 sublato.
379 3185 479 3256 Quum
501 3187 614 3245 bellum
637 3187 745 3247 civitas
769 3195 822 3245 aut
843 3187 963 3246 illatum
993 3186 1132 3246 defendit
1155 3194 1211 3246 aut

203 3269 305 3343 infert,
329 3271 536 3346 magistratus,
561 3272 614 3347 qui
637 3271 664 3330 ei
685 3272 766 3330 bello
789 3273 926 3349 praesint,
956 3280 991 3331 11
1012 3272 1085 3333 vitae
1106 3273 1209 3331 necis-

203 3374 261 3429 que
294 3354 427 3413 habeant
459 3364 653 3432 potestatem,
688 3357 870 3433 deligimtm·.
926 3358 964 3415 In
997 3377 1074 3434 pace
1103 3357 1210 3416 nullus

203 3446 251 3498 est
273 3440 440 3498 communis
461 3441 668 3518 magistratus,
693 3442 748 3500 sed
766 3443 920 3519 principes
937 3443 1096 3518 regionum
1114 3449 1210 3518 atque

202 3545 350 3602 pagorum
382 3525 462 3584 inter
495 3546 567 3584 suos
597 3527 650 3602 jus
689 3528 796 3586 dicunt
834 3529 1119 3602 controversiasque
1153 3529 1210 3586 mi-

201 3617 308 3668 nuunt.
354 3611 530 3669 Latrocinia
552 3612 666 3670 nullam
688 3614 803 3671 habent
824 3613 997 3688 infamiam,
1028 3632 1096 3688 quse
1119 3620 1211 3673 extra

202 3695 279 3755 fines
302 3696 451 3772 cujusque
475 3697 609 3756 civitatis
630 3696 723 3770 fiunt,
740 3705 839 3773 atque
870 3720 906 3758 ea
924 3699 1098 3774 juventutis
1121 3718 1210 3758 exer-

122 3816 125 3821 ·
203 3782 307 3840 cendae
331 3802 366 3840 ac
390 3781 516 3840 desidiae
539 3782 710 3840 minuendae
734 3802 826 3841 causa
848 3783 914 3842 fieri
936 3783 1114 3862 praedicant.
1150 3784 1209 3842 At-

203 3887 261 3941 que
284 3868 337 3925 ubi
360 3867 427 3941 quis
452 3887 488 3926 ex
511 3867 701 3945 principibus
724 3868 755 3925 in
778 3869 905 3928 concilio
930 3869 1015 3944 dixit,
1040 3887 1073 3928 se
1096 3868 1210 3928 ducem

156 4026 159 4031 .
202 3949 277 4027 iore,
313 3953 365 4027 qui
387 3953 473 4028 sequi
496 3952 606 4027 velint,
635 3951 850 4031 profiteantur,
882 3961 1071 4030 consurgunt
1092 3954 1129 4031 ii,
1156 3957 1210 4030 qui
