2670 4456
528 257 648 311 LIBER
666 257 732 312 VII.
1080 267 1138 323 131

138 459 203 509 tum
237 451 414 510 multudinis
448 451 586 528 fugerat,
621 452 752 530 plusque
786 452 884 510 animo
918 453 1079 529 providere
1110 460 1142 512 et

138 537 317 614 praesentire
341 537 581 612 existimabatur,
605 537 687 612 quod
709 559 742 596 re
764 539 884 615 integra
911 539 1008 615 primo
1037 539 1140 597 incen-

138 622 270 682 dendum
291 623 468 697 Avaricum,
490 633 562 700 post
585 623 786 682 deserendum
810 632 979 682 censuerat.
1031 624 1141 700 Itaque

138 715 173 766 ut
194 709 376 785 reliquorum
400 709 616 787 imperatorum
635 729 685 768 res
703 708 840 769 adversae
859 710 1070 768 auctoritatem
1087 710 1140 768 mi-

138 802 243 869 nuunt,
279 794 323 853 sic
345 794 438 870 hujus
468 814 506 852 ex
535 796 686 853 contrario
718 795 850 871 dignitas
878 795 1068 855 incommodo
1092 816 1140 854 ae-

139 886 227 957 eeptc
250 880 281 938 in
304 879 370 938 dies
394 881 576 956 augebatur,
601 881 691 939 simul
712 881 743 938 in
766 900 851 958 spem
881 880 1044 939 veniebant
1073 880 1140 957 ejus

139 964 340 1024 affirmatione
363 964 401 1024 de
423 965 548 1040 reliquis
572 965 774 1042 adjungendis
798 967 983 1040 civitatibus,
996 966 1140 1043 primum-

139 1071 197 1125 que
220 1070 255 1109 eo
278 1059 413 1128 tempore
438 1051 518 1110 Galli
542 1059 643 1110 castra
665 1052 782 1109 munire
805 1052 1009 1125 instituerunt,
1043 1052 1141 1109 etsie

138 1144 209 1195 sunt
231 1137 332 1195 animo
356 1137 541 1195 consternati
563 1137 700 1195 homines
722 1138 833 1196 insveti
863 1137 985 1210 laboris,
1015 1144 1049 1195 ut
1078 1157 1139 1194 om-

137 1222 198 1297 nia,
223 1242 290 1297 quae
313 1223 544 1300 imperarentur,
570 1223 627 1281 sibi
649 1223 795 1299 patienda
818 1230 848 1281 et
871 1221 1054 1299 perferenda
1077 1223 1139 1280 exi-

142 1308 310 1366 stimarent.

223 1393 348 1452 XXXI.
393 1394 458 1453 Nec
481 1395 590 1467 minus,
615 1414 705 1468 quam
724 1401 771 1452 est
786 1393 952 1471 pollicitus,
975 1394 1141 1471 Vercinge-

140 1480 220 1538 torix
244 1479 342 1538 animo
366 1480 534 1548 laborabat,
557 1488 592 1537 ut
619 1480 752 1553 reliquas
781 1480 920 1539 civitates
950 1479 1140 1557 adjungeret,

139 1572 229 1639 atque
253 1585 357 1624 earum
378 1565 532 1643 principes
562 1564 649 1624 donis
679 1565 1010 1642 pollicitationibusque
1028 1565 1141 1624 allicie-

139 1651 202 1708 bat.
248 1651 329 1710 Huic
352 1651 397 1710 rei
419 1650 544 1709 idoneos
568 1651 705 1709 homines
729 1650 891 1726 deligebat,
917 1670 1045 1724 quorum
1058 1652 1140 1724 quis·

142 1755 200 1810 que
224 1743 276 1795 aut
298 1737 434 1795 oratione
458 1736 587 1796 subdola
610 1744 662 1794 aut
685 1736 816 1794 amicitia
828 1733 972 1794 facillime
986 1736 1054 1812 capi
1071 1755 1141 1812 pos-

140 1829 195 1879 set.
248 1821 307 1892 Qui
326 1822 459 1882 Avarico
480 1830 653 1900 expugnato
682 1821 868 1897 refugerant,
900 1820 1060 1880 armandos
1089 1841 1140 1879 ve-

139 1907 335 1982 stiendosque
358 1915 453 1966 curat.
501 1907 605 1982 Simul,
629 1916 663 1965 ut
691 1907 853 1965 deminutae
882 1907 977 1984 oopiae
1006 1907 1137 1965 redinte-

139 2000 308 2068 grarentur,
331 1994 461 2071 imperat
485 2001 602 2052 certum
622 2013 780 2052 numerum
803 1993 930 2051 militum
954 1993 1139 2067 civitatibus

141 2097 229 2152 quem
252 2087 282 2136 et
306 2099 396 2154 quam
419 2087 489 2136 ante
513 2078 593 2137 diem
614 2079 645 2137 in
669 2087 769 2137 castra
792 2078 902 2137 adduci
924 2079 1014 2153 velit,
1045 2079 1139 2155 sagit-

141 2163 294 2238 tariosque
326 2184 440 2238 omnes,
471 2185 599 2239 quorum
628 2173 693 2223 erat
725 2184 908 2242 permagnus
937 2182 1081 2221 numerus
1109 2163 1141 2220 in

142 2248 250 2317 Gallia,
275 2251 411 2325 conquiri
434 2258 465 2309 et
488 2249 527 2308 ad
550 2269 582 2308 se
605 2250 685 2320 mitti
703 2249 801 2325 jubet.
837 2249 895 2307 His
918 2249 1009 2306 rebus
1033 2248 1139 2306 celeri-

140 2341 187 2392 ter
208 2335 249 2409 id,
274 2336 355 2410 quod
376 2336 501 2396 Avarici
524 2336 703 2412 deperierat,
728 2334 875 2411 expletur.
916 2333 1042 2391 Interim
1061 2332 1140 2389 'Peu-

141 2427 281 2494 tomatus,
307 2421 493 2480 Olloviconis
517 2419 607 2496 fflius,
632 2440 686 2478 rex
697 2419 921 2495 Nitiobrogum,
945 2417 1141 2494 cujus,pater

142 2506 179 2563 ab
203 2514 310 2564 senatu
337 2514 441 2566 nostro
472 2507 587 2565 amicus
622 2514 688 2564 erat
716 2505 903 2582 appellatus,
933 2523 1001 2562 cum
1030 2522 1140 2579 magno

141 2591 277 2666 equitum
301 2612 424 2650 suorum
446 2612 570 2651 numero
594 2600 624 2649 et
648 2611 724 2666 quos
748 2611 784 2649 ex
800 2589 967 2664 Aquitania
990 2587 1140 2647 conduxe-

141 2683 189 2734 rat
212 2677 250 2735 ad
274 2697 342 2735 eum
365 2679 513 2754 pervenit.

72 2759 77 2765 ’
225 2762 367 2821 ΧΧΧΠ.
404 2763 644 2823 OaesarAvarici
667 2763 838 2840 complures
853 2761 918 2820 dies
938 2766 1142 2819 commoratus

141 2867 348 2923 summamque
382 2849 424 2907 ibi
452 2849 571 2926 copiam
598 2848 741 2908 frumenti
770 2855 800 2907 61
822 2848 939 2923 reliqui
955 2854 1141 2904 commeatus

140 2940 248 2992 nactus
272 2935 438 2992 exercitum
461 2955 499 2993 ex
520 2935 625 2993 labore
654 2941 745 3009 atque
773 2934 875 3010 inopia
901 2931 1018 2991 refecit.
1070 2930 1142 2989 Jam

76 3039 79 3043 ’
141 3039 236 3097 prope
258 3019 355 3078 bieme
379 3019 520 3079 confecta
542 3041 634 3095 quum
663 3020 729 3097 ipso
761 3020 831 3077 anni
859 3025 994 3094 ternpore
1024 3015 1063 3073 ad
1090 3034 1142 3090 ge-

142 3104 271 3162 rendum
305 3104 419 3164 bellum
441 3113 605 3165 vocaretur
628 3112 659 3164 et
683 3104 722 3163 ad
744 3105 864 3163 hostem
885 3101 1038 3180 proficisci
1071 3119 1141 3158 con-

143 3189 301 3264 stituisset,
326 3192 391 3250 sive
415 3211 483 3250 eum
506 3212 543 3250 ex
559 3191 728 3268 ,paludibus
751 3189 898 3264 silvisque
928 3187 1047 3261 elicere,
1077 3186 1142 3244 sive

143 3275 301 3334 obsidione
323 3297 460 3354 premere
487 3285 610 3356 posset,
633 3276 728 3352 legati
746 3274 784 3333 ad
803 3295 872 3332 eum
892 3273 1047 3352 principes
1069 3271 1141 3330 Hae·

141 3359 269 3419 duorum
291 3363 417 3421 venirmt
439 3371 566 3436 oratum,
590 3370 625 3421 ut
646 3362 775 3420 maxime
802 3359 976 3418 necessario
1004 3365 1143 3436 tempore

141 3446 257 3505 civitati
280 3448 456 3507 subveniat:
482 3468 597 3507 summo
633 3466 701 3507 6666
729 3447 760 3505 in
787 3446 923 3523 periculo
946 3465 1019 3518 rem,
1049 3441 1140 3518 quod,

141 3551 233 3607 quum
256 3533 368 3609 singuli
390 3535 589 3612 magistratus
615 3532 783 3607 antiquitus
802 3531 899 3590 creari
916 3539 1007 3604 atque
1025 3527 1140 3604 regiam

61 3662 64 3669 1
140 3623 325 3693 potestatem
348 3639 477 3678 annuam
500 3621 637 3678 obtinere
660 3628 869 3692 consuessent,
900 3616 959 3674 duo
982 3613 1142 3690 magistra-

140 3710 204 3761 tum
226 3711 336 3780 gerant
359 3711 390 3763 et
412 3725 445 3762 se
467 3711 595 3780 uterque
624 3725 729 3763 eorum
759 3703 880 3780 legibus
909 3708 1045 3760 creatum
1073 3716 1142 3756 esse

142 3786 232 3846 dicat.
278 3790 396 3848 Horum
419 3809 488 3848 esse
512 3790 641 3849 alterum
665 3789 951 3860 Convictolitavem,
982 3783 1142 3843 florentem

142 3880 172 3930 et
193 3873 343 3934 illustrem
366 3874 600 3950 adolescentem,
625 3876 753 3934 alterum
777 3874 901 3948 Cotum,
930 3869 1141 3945 antiquissima

141 3956 257 4017 familia
268 3968 374 4020 natum
386 3968 477 4036 atque
499 3961 598 4037 ipsum
621 3961 772 4020 hominem
796 3976 920 4017 summae
944 3954 1088 4033 potentiae
1113 3960 1143 4012 et

940 4050 976 4106 9*
