2670 4456
160 296 203 352 24
470 285 523 339 DE
541 283 669 338 BELLO
689 282 867 338 GALLICO.

162 481 221 552 Qui
254 481 314 539 nisi
346 481 474 540 decedat
507 487 598 556 atque
631 480 797 539 exercitum
831 479 963 538 deducat
996 499 1032 537 ex
1066 478 1114 536 his
1142 499 1188 538 re-

160 567 311 644 gionibus,
357 586 425 626 sese
469 566 555 625 illum
586 586 647 624 non
680 586 735 643 pro
770 566 876 639 amice,
923 564 978 623 sed
1011 585 1067 642 pro
1100 565 1189 624 hoste

160 653 344 712 habiturum.
412 652 501 723 Quod
542 652 568 710 si
608 672 677 710 eum
722 650 924 726 interfecerit,
970 651 1074 709 multis
1120 670 1189 710 0000

160 738 313 797 nobilibus
346 739 596 816 principibusque
629 737 735 815 populi
779 737 910 795 Romani
953 744 1075 813 gratum
1120 756 1189 795 0000

161 824 327 899 100111111111;
362 823 394 883 id
424 844 457 883 00
491 825 528 882 ab
562 824 640 901 ipsis
673 844 729 901 per
758 843 863 881 eorum
896 824 1019 881 nuntios
1054 843 1189 900 comper-

161 918 227 969 tum
258 911 381 985 habere,
427 930 556 985 quorum
598 910 731 967 omnium
775 909 905 987 gratiam
950 916 1041 984 atque
1087 909 1189 967 amici-

161 997 235 1055 tiam
269 996 335 1072 ejus
368 1003 464 1055 morte
503 995 651 1054 redimere
690 1002 805 1073 posset.
853 995 942 1066 Quod
976 996 1002 1054 si
1031 994 1189 1053 discessis-

163 1091 210 1141 set
249 1090 280 1141 01
317 1082 444 1141 liberam
482 1082 710 1158 possessionem
750 1081 859 1140 Galliae
900 1081 959 1140 sibi
1000 1080 1187 1154 tradidisset,

161 1188 270 1245 magno
305 1188 338 1226 00
371 1168 457 1226 illum
495 1168 619 1244 praemio
659 1175 923 1225 remuneraturum
957 1175 1005 1241 01,
1047 1186 1190 1243 quaecun-

162 1275 220 1329 que
253 1254 335 1330 bella
366 1253 433 1329 geri
465 1253 567 1328 vellet,
602 1254 667 1312 sine
701 1253 762 1311 ullo
803 1252 870 1329 ejus
904 1254 1010 1311 labore
1045 1260 1076 1311 et
1109 1252 1189 1330 peri-

163 1340 230 1398 culo
254 1338 472 1398 confecturum.

247 1425 346 1484 XLV.
391 1425 489 1483 Multa
518 1425 555 1483 ab
586 1424 707 1483 Caesare
734 1425 766 1482 in
799 1444 866 1482 eam
896 1424 1078 1482 sententiam
1109 1423 1191 1482 dicta

62 1516 64 1521 '
118 1556 120 1560 .
162 1518 243 1586 sunt,
264 1531 368 1586 ¹quare
400 1511 522 1587 negotio
551 1511 700 1570 desistere
728 1531 789 1569 non
818 1517 938 1587 posset:
973 1510 1081 1585 Neque
1105 1529 1191 1568 suam
1219 1588 1222 1593 Ι

55 1658 57 1665 ,
162 1616 261 1672 neque
293 1597 398 1675 populi
430 1597 561 1655 Romani
594 1596 845 1657 consuetudinem
878 1596 959 1674 pati,
999 1596 1044 1653 uti
1079 1596 1190 1672 optime

162 1691 313 1742 merentes
358 1683 457 1742 socios
502 1682 672 1758 desereret,
723 1702 824 1758 neque
868 1702 902 1740 00
937 1680 1077 1757 judicare
1118 1681 1189 1740 Gal-

162 1769 234 1827 liam
255 1769 358 1847 potius
382 1788 450 1827 0000
472 1769 630 1844 Ariovisti,
660 1789 751 1843 quam
773 1768 878 1846 populi
911 1767 1050 1826 Romani.
1101 1767 1189 1825 Bello

162 1862 322 1931 superatos
345 1874 414 1913 esse
436 1854 592 1914 Arvernos
616 1863 646 1914 et
667 1855 806 1914 Rutenos
825 1855 862 1912 ab
883 1853 919 1924 Q.
938 1853 1034 1911 Fabio
1046 1853 1190 1927 Maximo,

163 1941 273 2015 quibus
316 1940 449 2017 populus
482 1940 639 1999 Romanus
678 1940 857 2016 ignovisset,
902 1959 1001 2014 neque
1046 1939 1078 1997 in
1121 1959 1190 2016 pro-

161 2025 293 2086 vinciam
315 2025 495 2102 redegisset,
518 2046 617 2101 neque
640 2026 826 2104 stipendium
848 2026 1054 2102 imposuisset.
1102 2023 1191 2094 Quod

164 2112 190 2170 si
221 2111 464 2186 antiquissimum
508 2111 649 2187 quodque
682 2119 802 2189 tempus
848 2112 981 2188 spectari
1026 2117 1190 2188 oporteret,

97 2191 100 2195 ’
162 2196 268 2275 populi
300 2197 431 2255 Romani
470 2196 677 2273 justissimum
722 2217 791 2256 esse
813 2197 845 2254 in
869 2197 969 2256 Gallia
1012 2197 1189 2274 imperium3

164 2284 190 2343 si
209 2283 360 2360 judicium
389 2291 513 2342 senatus
543 2284 700 2344 observari
730 2290 893 2361 oporteret,
922 2283 1049 2342 liberam
1080 2282 1191 2340 debere

164 2389 233 2429 esse
261 2369 401 2446 Galliam,
438 2390 529 2445 quarn
557 2370 637 2428 bello
670 2369 783 2435 victam
818 2369 881 2428 suis
915 2370 1036 2446 legibus
1065 2368 1109 2426 uti
1139 2387 1191 2426 vo-

164 2455 284 2514 luisset.
1055 2504 1057 2515 .

248 2541 366 2600 XLVI.
411 2541 494 2599 Dum
527 2541 593 2600 haec
626 2542 658 2599 in
691 2540 840 2617 colloquio
875 2548 1038 2617 geruntur,
1078 2538 1195 2597 Oaesari

162 2625 335 2684 nuntiatum
363 2633 410 2684 est
440 2627 558 2701 equites
585 2626 732 2686 Ariovisti
763 2627 888 2704 propius
922 2626 1073 2684 tumulum
1107 2644 1193 2683 acce-

164 2711 236 2770 dere
270 2717 301 2770 et
334 2711 373 2768 ad
404 2719 526 2771 nostros
555 2711 741 2787 adequitare,
775 2712 893 2789 lapides
925 2712 1048 2786 telaque
1079 2711 1110 2768 in
1138 2731 1190 2769 no-

164 2803 245 2856 stros
290 2796 449 2873 conjicere.
512 2796 626 2869 00001,
654 2797 798 2873 loquendi
836 2797 927 2855 finem
967 2796 1057 2872 facit,
1100 2816 1193 2872 seque

165 2882 204 2942 ad
248 2902 320 2941 suos
364 2881 480 2960 recepit
513 2882 637 2958 suisque
670 2884 847 2960 imperavit,
882 2903 920 2941 ne
955 2883 1037 2958 quod
1072 2883 1192 2941 omnino

164 2969 258 3028 telum
280 2969 311 3026 in
333 2968 438 3027 hostes
459 2967 630 3044 rejicerent.
676 2969 755 3027 Nam
784 2969 842 3027 etsi
871 2969 936 3027 sine
964 2970 1026 3027 ullo
1055 2969 1193 3051 periculo

164 3055 293 3132 legionis
337 3054 463 3113 deleotae
509 3075 578 3113 cum
612 3055 750 3129 equitatu
781 3055 924 3133 proelium
957 3053 1022 3113 fore
1056 3054 1191 3128 videbat,

163 3148 266 3199 tamen
299 3139 547 3199 committendum
580 3160 641 3199 non
674 3142 817 3218 putabat,
853 3147 888 3198 ut
919 3141 1018 3218 pulsis
1052 3141 1192 3199 hostibus

165 3225 225 3285 dici
252 3232 359 3304 posset
392 3245 444 3284 eos
478 3227 515 3284 ab
551 3245 584 3284 se
616 3247 672 3304 per
704 3225 796 3285 fidem
823 3227 855 3284 in
883 3227 1032 3301 colloquio
1066 3227 1193 3285 circum-

164 3318 282 3371 ventos.
327 3311 531 3386 Posteaquam
553 3312 584 3370 in
606 3312 717 3389 vulgus
746 3313 876 3370 militum
904 3313 1017 3383 elatum
1048 3319 1104 3386 est,
1134 3332 1194 3387 qua

86 3474 88 3481 y
165 3397 338 3473 arrogantia
360 3397 392 3455 in
414 3397 562 3472 colloquio
584 3398 758 3458 Ariovistus
788 3417 863 3456 usus
893 3400 973 3457 omni
1003 3398 1103 3457 Gallia
1130 3399 1192 3456 Ro-

164 3483 272 3542 manis·
294 3483 503 3542 interdixisset
535 3484 743 3562 impetumque
776 3484 808 3542 in
836 3491 958 3543 nostros
982 3484 1048 3562 ejus
1073 3484 1190 3559 equites

165 3567 319 3644 iecissent,
354 3588 449 3644 eaque
482 3588 532 3628 res
572 3571 756 3645 colloquium
795 3576 830 3628 ut
864 3570 1052 3648 diremisset,
1099 3570 1193 3628 multo

131 3675 134 3682 ·
165 3654 262 3731 major
301 3655 442 3714 alacritas
482 3655 676 3731 studiumque
709 3656 867 3733 pugnandi
911 3656 1010 3734 majus
1045 3656 1192 3715 exercitui

165 3740 311 3818 injectum
334 3747 390 3799 est.

250 3827 385 3886 XLVII.
430 3826 531 3884 Biduo
564 3835 635 3904 post
656 3827 832 3887 Ariovistus
863 3827 902 3886 ad
931 3827 1083 3887 Gaesarem
1111 3827 1193 3904 lega-

164 3917 213 3970 tos
247 3912 353 3971 mittit:
388 3910 476 3972 Velle
512 3931 545 3971 se
579 3912 616 3972 de
649 3913 687 3971 iis
721 3914 823 3989 rebus,
848 3933 916 3989 quae
949 3914 1029 3972 inter
1063 3933 1115 3972 eos
1144 3913 1194 3990 agi

167 4004 274 4076 coeptae
302 4017 400 4072 neque
432 3997 576 4076 perfectae
610 4005 722 4074 essent,
758 4018 849 4077 agere
879 4019 949 4058 cum
983 4019 1032 4074 eo,
1068 3999 1112 4058 uti
1142 4006 1196 4057 aut
