2670 4456
166 246 227 306 178
478 239 532 295 DE
549 236 676 295 BELLO
695 237 873 295 GALLIGO.

164 453 277 511 cosque
297 441 419 494 nostros
442 441 623 495 convertunt
645 440 736 510 atque
757 432 968 511 insequuntur.
1009 432 1164 493 Commius

163 520 321 580 incensum
364 520 534 581 calcaribus
569 540 679 597 equum
712 519 869 597 conjungit
902 540 979 594 equo
1014 518 1164 591 Quadrati

162 605 329 682 lanceaque
350 605 465 666 infesta
486 607 604 685 magnis
626 606 744 666 viribus
766 606 898 665 medinm
920 605 1019 664 femur
1047 604 1164 682 trajicit

163 691 318 751 Voluseni.
362 693 513 753 Praefecto
535 693 694 754 vulnerato
721 701 783 751 non
801 691 941 750 dubitant
967 691 1065 750 nostri
1087 690 1164 749 resi-

164 784 245 836 stere
267 784 298 836 et
310 779 465 838 conversis
477 779 563 856 equis
580 779 698 838 hostem
714 777 837 856 pellere.
862 776 952 849 Quod
968 778 1021 837 ubi
1039 776 1162 852 accidit,

164 863 334 941 complures
356 864 488 925 hostium
508 885 617 942 magno
629 871 801 922 nostrorum
811 863 926 941 impetu
941 863 1075 942 perculsi
1095 862 1164 923 vul-

163 956 311 1008 nerantur
333 970 368 1009 ac
390 951 501 1029 partim
522 951 554 1010 in
576 950 651 1028 fuga
672 957 882 1026 proteruntur,
906 950 1017 1027 partim
1038 949 1162 1008 interci-

163 1034 296 1112 piuntur.
332 1035 421 1107 Quod
438 1037 550 1096 malum
570 1036 632 1095 dux
649 1036 719 1111 equi
729 1035 893 1096 velocitate
905 1035 1040 1096 evitavit.
1076 1032 1164 1108 [Fac-

162 1127 194 1180 to
216 1121 323 1198 proelio
346 1121 489 1196 secundo]
517 1123 652 1200 graviter
681 1121 756 1181 adeo
786 1121 963 1181 vulneratus
985 1119 1164 1198 praefectus,

162 1213 198 1264 ut
218 1207 290 1267 vitae
312 1208 481 1284 periculum
498 1208 636 1267 aditurus
658 1207 823 1283 videretur,
846 1205 979 1266 refertur
999 1207 1032 1265 in
1049 1213 1163 1266 castra.

164 1291 317 1351 Commius
350 1302 451 1352 autem
484 1294 549 1353 sive
582 1294 703 1372 expiato
736 1312 792 1352 suo
820 1292 924 1352 dolore
952 1293 1017 1352 sive
1052 1311 1165 1368 magna

162 1384 249 1455 parte
272 1378 385 1438 amissa
406 1399 530 1438 suorum
550 1381 667 1458 legatos
695 1379 734 1438 ad
754 1379 920 1437 Antonium
948 1377 1043 1437 mittit
1070 1396 1167 1453 seque

163 1470 194 1522 et
214 1464 258 1522 ibi
279 1463 423 1541 futurum,
447 1467 500 1525 ubi
521 1466 755 1544 praescripserit,
786 1472 816 1523 et
847 1483 883 1522 ea
904 1464 1073 1539 facturum,
1099 1481 1167 1538 quae

161 1549 325 1627 imperarit,
333 1551 491 1610 obsidibus
505 1552 585 1610 datis
595 1551 705 1610 firmat.
725 1551 828 1610 Unum
839 1550 1002 1627 illuderet,
1015 1557 1050 1609 ut
1062 1548 1167 1609 timori

163 1655 218 1695 suo
242 1636 436 1712 concedatur,
459 1658 498 1697 ne
519 1639 551 1696 in
574 1643 771 1715 conspectum
792 1636 896 1697 veniat
908 1635 1088 1713 cujusquam
1103 1636 1167 1694 Ro-

162 1721 253 1780 mani.
299 1721 394 1798 Cujus
416 1724 651 1801 postulationem
667 1722 818 1782 Antonius
839 1742 932 1797 quum
945 1721 1101 1798 judicaret
1127 1723 1166 1780 ab

161 1807 246 1886 justo
268 1809 355 1867 nasci
376 1809 493 1885 timore,
516 1810 636 1869 veniam
652 1809 768 1887 petenti
780 1807 874 1883 dedit,
892 1808 1016 1867 obsides
1034 1808 1164 1885 accepit.

249 1893 317 1952 Scio
342 1893 494 1953 Oaesarem
527 1890 714 1972 singulorum
747 1914 893 1952 annorum
923 1894 1059 1971 singulos
1082 1913 1165 1952 com-

161 1979 326 2038 mentarios
349 1979 527 2057 confecisse,
551 1981 632 2057 quod
655 2001 710 2056 ego
734 2000 795 2038 non
812 1979 983 2040 existimavi
1000 1980 1074 2039 mihi
1094 1999 1165 2038 esse

163 2063 345 2140 faciendum,
379 2073 541 2144 propterea
573 2066 654 2142 quod
675 2067 839 2140 insequens
863 2085 960 2125 annus
983 2067 1019 2125 L.
1043 2066 1162 2141 Paullo,

165 2151 202 2210 G.
226 2150 370 2211 Marcello
398 2171 477 2211 cose.
510 2152 611 2212 nullas
640 2151 732 2210 habet
764 2171 947 2228 magnopere
970 2151 1078 2211 Galliae
1113 2170 1165 2211 res

163 2243 277 2314 gestas.
312 2237 360 2297 Ne
382 2239 450 2314 quis
472 2245 574 2298 tamen
595 2239 757 2316 ignoraret,
782 2237 892 2312 quibus
913 2238 946 2295 in
967 2238 1043 2297 locis
1057 2237 1165 2296 Oaesar

166 2323 377 2399 exercitusque
408 2345 443 2383 eo
470 2331 606 2402 tempore
634 2323 753 2398 fuisset,
788 2343 886 2401 pauca
908 2343 976 2383 esse
1000 2323 1164 2383 scribenda

164 2408 437 2486 conjungendaque
459 2409 529 2470 huic
552 2409 765 2470 commentario
789 2410 891 2468 statui.

249 2495 368 2553 XLIX.
404 2494 508 2555 Caesar
524 2497 556 2555 in
566 2497 674 2573 Belgio
693 2515 784 2571 quum
794 2495 950 2570 hiemaret,
973 2515 1067 2553 unum
1086 2494 1165 2552 iHud

163 2581 352 2659 propositum
373 2582 506 2641 habebat
529 2583 682 2641 continere
703 2582 735 2640 in
757 2581 888 2639 amicitia
907 2581 1057 2655 civitates,
1089 2581 1167 2638 nulli

165 2685 250 2743 spem
283 2673 335 2724 aut
369 2686 491 2726 causam
524 2667 596 2726 dare
630 2687 789 2726 armorum.
841 2666 924 2725 Nihil
953 2667 1032 2725 enim
1060 2667 1163 2725 minus

164 2752 296 2825 volebat,
320 2772 410 2826 quam
427 2754 489 2811 sub
513 2753 672 2812 decessum
695 2771 782 2811 suum
798 2753 1013 2810 necessitatem
1031 2751 1090 2811 sibi
1108 2751 1162 2811 ali-

166 2857 257 2912 quam
277 2837 390 2915 imponi
412 2839 484 2896 belli
512 2839 647 2916 gerendi,
676 2858 714 2896 ne
737 2858 829 2912 quum
860 2838 1025 2896 exercitum
1049 2837 1164 2896 deduc-

165 2929 253 2981 turus
276 2930 367 2998 esset,
401 2924 515 2983 bellum
547 2923 669 2999 aliquod
691 2924 920 2998 relinqueretur,
956 2924 1037 2999 quod
1066 2923 1166 2982 omnis

168 3009 268 3067 Gallia
288 3009 419 3068 libenter
441 3010 506 3069 sine
527 3010 673 3088 praesenti
689 3010 824 3088 periculo
844 3009 1022 3087 susciperet.
1052 3009 1166 3085 Itaque

167 3093 331 3153 honorifice
359 3095 499 3155 civitates
522 3095 719 3174 appellando,
746 3095 900 3173 principes
923 3095 1062 3154 maximis
1084 3114 1165 3172 prae·

166 3180 235 3238 miis
258 3179 428 3257 afficiendo,
450 3182 534 3240 nulla
556 3202 648 3240 onera
672 3179 769 3254 [nova]
797 3180 983 3257 injungendo
1008 3180 1165 3240 defessam

166 3273 213 3324 tot
236 3266 374 3326 adversis
396 3268 512 3344 proeliis
536 3268 667 3326 Galliam
690 3266 866 3326 condicione
887 3266 1015 3344 parendi
1037 3266 1164 3326 meliore

166 3350 258 3410 facile
279 3351 311 3409 in
332 3372 408 3429 pace
431 3354 586 3413 continuit.

252 3438 288 3496 L.
323 3438 398 3515 Ipse
418 3439 554 3500 hibernis
576 3439 709 3517 peractis
733 3445 838 3497 contra
861 3438 1111 3498 consuetudinem
1132 3438 1165 3497 in

166 3523 289 3582 Italiam
311 3544 402 3600 quam
422 3526 561 3584 maximis
578 3525 737 3584 itineribus
757 3532 805 3583 est
821 3522 987 3601 profectus,
1010 3530 1045 3582 ut
1066 3525 1164 3582 muni-

168 3609 247 3687 cipia
270 3616 300 3669 et
322 3610 455 3669 colonias
478 3611 655 3689 appellaret,
679 3611 789 3686 quibus
811 3610 854 3668 M.
874 3609 1007 3685 Antonii,
1032 3616 1165 3684 quaesto-

168 3695 210 3754 ris
233 3696 290 3770 sui,
319 3695 583 3757 commendaverat
611 3696 773 3756 sacerdotii
802 3696 988 3773 petitionem.
1035 3694 1166 3755 Conten-

169 3781 260 3840 debat
284 3781 363 3840 enim
384 3782 484 3859 gratia
506 3804 598 3859 quum
620 3783 751 3842 libenter
772 3802 827 3858 pro
856 3781 976 3840 homine
1004 3782 1064 3840 sibi
1094 3801 1166 3841 con-

165 3866 368 3943 junctissime,
392 3888 482 3943 quem
504 3870 594 3947 paulo
617 3875 686 3927 ante
708 3867 898 3946 praemiserat
920 3866 1165 3944 adpetitionem,

170 3958 235 4011 tum
265 3953 374 4012 acriter
408 3961 513 4013 contra
539 3954 705 4013 factionem
732 3960 763 4012 et
790 3952 957 4030 potentiam
988 3972 1165 4030 paucorum,

171 4038 222 4114 qui
231 4039 273 4096 M.
286 4038 412 4098 Antonii
432 4041 556 4118 repulsa
581 4040 712 4100 Caesaris
741 4038 917 4100 decedentis
940 4039 1070 4116 gratiam
1094 4058 1166 4098 con·
