2670 4456
183 292 224 349 90
492 281 545 334 na
564 280 690 335 samo
710 279 880 335 eanmoo

183 479 286 536 multae
308 482 452 555 praeustae
476 474 578 549 sudori,
602 495 731 551 magnus
754 475 914 533 muralium
935 474 1066 552 pilorum
1082 494 1187 534 nume-

182 583 235 623 rus
258 562 440 635 instituitur;
470 569 571 619 turres
606 561 856 632 contabulantur3
891 561 993 637 pinnae
1022 560 1188 636 loricaeque

183 669 221 708 ex
249 648 384 706 cratibus
413 653 598 704 attexuntur.
650 647 723 723 Ipse
753 645 858 704 Cicero
887 665 980 720 quum
1007 645 1188 706 tenuissima

182 733 357 794 valetudine
380 739 471 806 esset,
494 751 533 790 ne
555 738 737 790 nocturnum
766 731 888 806 quidem
917 731 976 788 sibi
1004 737 1124 808 tempus
1148 730 1188 790 ad

184 820 315 894 quietem
343 818 549 893 relinquebat,
579 825 613 875 ut
642 817 721 875 ultro
749 817 878 875 militum
901 835 1052 875 concursu
1075 836 1110 875 ac
1133 837 1202 876 110-Ι

184 906 269 964 cibus
294 904 352 962 sibi
373 923 500 981 parcere
523 910 692 979 cogeretur.

267 989 354 1048 XLI.
400 989 478 1046 Tum
497 987 591 1047 duces
613 988 828 1065 principesque
839 987 1032 1061 Nerviorum,
1057 987 1109 1062 qui
1132 987 1186 1046 ali-

183 1095 272 1151 quem
295 1075 443 1134 sermome
473 1073 588 1132 aditum
618 1093 801 1148 causamque
831 1072 971 1132 amicitiae
1001 1092 1070 1131 cum
1101 1071 1186 1132 Oice-

181 1181 254 1220 rone
288 1161 452 1233 habebant,
488 1159 619 1233 colloqui
641 1178 710 1217 sese
739 1159 818 1219 velle
847 1158 960 1216 dicunt.
1012 1157 1110 1217 Facta
1132 1178 1186 1236 po-

182 1253 304 1320 testate,
329 1244 443 1319 eadem,
468 1264 535 1319 quae
559 1244 719 1302 Ambiorix
742 1264 810 1303 cum
827 1243 943 1303 Titurio
967 1249 1081 1320 egerat,
1107 1263 1186 1302 com-

182 1337 366 1390 memorant:
403 1329 530 1388 Omnem
564 1348 632 1388 esse
662 1329 694 1387 in
724 1330 815 1387 armis
840 1328 985 1402 Galliam3
1017 1328 1186 1388 Germanos

182 1417 324 1475 Rhenum
346 1415 510 1487 transisse,
543 1413 674 1473 Caesaris
702 1414 949 1490 reliquorumque
976 1415 1104 1473 hiberna
1133 1434 1186 1492 op-

182 1502 321 1579 pugnari.
365 1500 494 1558 Addrmt
516 1499 608 1558 etiam
631 1499 668 1558 de
692 1500 796 1559 Sabini
825 1506 930 1558 morte.
976 1499 1186 1577 Ambiorigem

183 1594 337 1646 ostentant
369 1585 441 1644 fidei
474 1585 622 1644 faciendae
658 1605 764 1658 causa3
801 1605 902 1645 errare
936 1605 988 1645 eos
1020 1585 1134 1660 dicunt,
1159 1587 1186 1645 si

183 1673 346 1748 quicquam
370 1673 407 1730 ab
430 1671 467 1730 iis
490 1671 626 1749 praesidii
654 1678 787 1748 sperent,
817 1672 869 1747 qui
897 1671 962 1729 suis
989 1671 1081 1729 rebus
1105 1669 1186 1729 diffi-

183 1758 270 1831 dant;
295 1777 363 1817 sese
396 1763 499 1816 tamen
532 1757 589 1815 hoc
624 1776 692 1815 esse
714 1757 746 1815 in
776 1756 952 1816 Ciceronem
979 1757 1186 1834 populumque

181 1842 353 1902 Romanum
376 1842 485 1916 animo,
519 1849 554 1901 ut
576 1842 652 1900 nihil
673 1842 733 1900 nisi
764 1842 893 1900 hiberna
922 1850 1065 1901 recusent
1093 1850 1185 1918 atque

182 1928 260 1986 hanc
283 1928 511 1988 inveterascere
535 1927 785 1986 consuetudinem
807 1928 904 1987 nolint
911 1947 917 2000 ;
942 1927 1034 1986 licere
1056 1927 1117 1987 illis
1140 1929 1186 1986 in·

183 2013 350 2072 columibus
384 2032 439 2089 per
472 2033 505 2071 se
539 2032 576 2071 cx
609 2012 743 2072 hibernis
772 2013 930 2073 discedere
958 2020 998 2088 et,
1033 2032 1186 2088 quascun-

183 2119 241 2173 que
275 2099 307 2156 in
336 2105 440 2175 partes
468 2098 573 2172 velint,
609 2098 674 2157 sine
702 2105 786 2157 metu
807 2097 969 2175 proficisci.
1016 2096 1122 2158 Cicero
1146 2099 1187 2158 ad

181 2184 247 2243 haec
281 2204 375 2242 unum
403 2183 492 2242 modo
521 2183 693 2260 respondit:
739 2184 809 2243 Non
837 2202 905 2243 esse
934 2184 1186 2244 consuetudinem

182 2269 286 2346 populi
314 2270 444 2328 Romani
470 2269 565 2327 ullam
596 2269 734 2347 accipere
765 2270 802 2328 ab
825 2270 914 2328 hoste
943 2277 1057 2328 armato
1082 2268 1185 2329 condi·

183 2355 314 2429 cionem;
340 2355 367 2414 si
389 2356 426 2413 ab
452 2356 544 2414 armis
568 2354 727 2414 discedere
749 2354 853 2429 velint,
877 2374 911 2413 se
935 2355 1075 2432 adjutore
1097 2363 1186 2414 utan-

182 2447 232 2498 tur
254 2441 435 2517 legatosque
466 2441 505 2499 ad
529 2439 683 2500 Gaesarem
704 2440 840 2514 mittant;
876 2459 1000 2518 sperare
1027 2460 1083 2518 pro
1117 2439 1186 2517 ejus

178 2525 308 2602 justitia,
333 2545 400 2600 quae
423 2526 575 2603 petierint,
599 2526 823 2602 impetraturos

266 2610 372 2668 XLII.
417 2611 466 2668 Ab
490 2612 547 2669 hac
564 2630 619 2688 spe
636 2610 751 2688 repulsi
762 2610 868 2671 Nervii
885 2610 966 2670 vallo
983 2610 1095 2689 pedum
1106 2610 1185 2686 XII,

181 2694 267 2754 fossa
299 2695 412 2772 pedum
439 2695 502 2755 XV
534 2696 660 2755 hiberna
695 2697 829 2773 cingunt.
880 2696 957 2754 Haec
991 2704 1022 2756 et
1049 2696 1186 2773 superio-

182 2800 250 2838 rum
284 2800 432 2838 annorum
466 2780 686 2840 consuetudine
719 2783 757 2840 ab
790 2782 879 2840 nobis
903 2787 1119 2858 cognoverant,
1155 2789 1187 2840 et

183 2885 259 2942 quos
283 2865 321 2924 de
344 2866 480 2924 exercitu
502 2866 657 2935 habebant
679 2867 827 2944 captivoS,
858 2867 895 2925 ab
918 2866 957 2925 iis
980 2867 1184 2940 docebantur,

182 2951 237 3010 sed
258 2951 342 3010 nulla
364 2949 616 3011 ferramentorum
633 2952 730 3028 copia,
755 2971 822 3028 quae
842 2959 925 3012 esset
942 2951 981 3011 ad
998 2953 1079 3011 huuc
1096 2971 1186 3011 usum

181 3036 300 3112 idonea,
324 3036 435 3113 gladiis
458 3037 591 3114 cespites
621 3037 852 3112 circumcidere,
887 3038 1026 3097 manibus
1055 3037 1185 3114 sagulis·

183 3143 241 3197 que
263 3131 377 3181 terram
406 3123 565 3181 exhaurire
597 3123 780 3182 nitebantur.
833 3122 900 3194 Qua
934 3123 1055 3198 quidem
1085 3143 1123 3181 ex
1151 3142 1186 3183 re

181 3207 336 3266 hominum
368 3206 530 3266 multitudo
554 3209 698 3285 cognosci
725 3208 839 3285 potuit3
873 3228 944 3267 nam
971 3209 1071 3267 minus
1101 3208 1186 3268 horis

181 3292 280 3350 tribus
308 3291 423 3350 milium
451 3293 563 3370 pedum
589 3293 652 3352 XV
679 3294 711 3352 in
739 3293 868 3352 circuitu
897 3294 1094 3352 munitionem
1115 3313 1185 3371 per-

181 3375 322 3436 fecerimt
344 3376 529 3452 reliquisque
553 3378 660 3437 diebus
688 3386 789 3438 turres
820 3378 859 3437 ad
888 3378 1079 3438 altitudinem
1100 3378 1184 3453 valli,

181 3461 277 3522 falces
299 3461 539 3538 testudinesque,
564 3482 639 3538 quas
667 3463 760 3522 iidem
790 3464 903 3540 captivi
926 3464 1101 3538 docuerant,
1131 3484 1186 3541 pa-

181 3568 249 3607 rare
272 3567 307 3606 ac
329 3545 432 3606 facere
455 3554 621 3625 coeperrmt.

267 3631 390 3691 XLIH.
426 3632 559 3710 Septimo
584 3634 819 3711 oppugnationis
843 3634 892 3693 die
920 3635 1050 3694 maximo
1079 3641 1185 3693 coorto

181 3726 272 3778 vento
295 3716 453 3776 ferventes
475 3717 560 3777 fusili
583 3738 620 3777 ex
644 3719 751 3795 argilla
772 3718 902 3795 glandes
930 3718 1035 3778 fundis
1064 3726 1096 3778 et
1122 3718 1184 3778 fer-

181 3802 306 3863 vefacta
324 3802 429 3878 jacula
456 3802 488 3861 in
518 3823 621 3879 casas,
657 3824 724 3879 quae
754 3824 836 3864 more
861 3805 979 3864 Gallico
1008 3805 1186 3864 stramentis

182 3896 268 3947 erant
289 3894 389 3962 tectae,
409 3888 515 3965 jacere
539 3896 704 3968 coeperunt.
738 3890 797 3949 Hae
821 3891 959 3950 celeriter
980 3890 1081 3967 ignem
1105 3909 1185 3949 com·

181 3972 410 4050 prehenderunt
443 3982 474 4034 et
506 3975 591 4035 venti
625 3975 833 4053 magnitudine
865 3976 898 4034 in
932 3995 1050 4035 omnem
1083 3975 1185 4034 locum
