<?xml version="1.0" encoding="UTF-8"?>
<!DOCTYPE html PUBLIC "-//W3C//DTD XHTML 1.0 Transitional//EN"
    "http://www.w3.org/TR/xhtml1/DTD/xhtml1-transitional.dtd">
<html xmlns="http://www.w3.org/1999/xhtml" xml:lang="en" lang="en">
 <head>
  <title>
</title>
<meta http-equiv="Content-Type" content="text/html;charset=utf-8" />
  <meta name='ocr-system' content='tesseract 3.04.00' />
  <meta name='ocr-capabilities' content='ocr_page ocr_carea ocr_par ocr_line ocrx_word'/>
</head>
<body>
  <div class='ocr_page' id='page_1' title='image "./debellogallico00caesgoog_0065.png"; bbox 0 0 2670 4456; ppageno 0'>
   <div class='ocr_carea' id='block_1_1' title="bbox 162 276 861 354">
    <p class='ocr_par' dir='ltr' id='par_1_1' title="bbox 162 276 861 354">
     <span class='ocr_line' id='line_1_1' title="bbox 162 276 861 354; baseline -0.019 -9"><span class='ocrx_word' id='word_1_1' title='bbox 162 287 201 344; x_wconf 82' lang='lat'>56</span> <span class='ocrx_word' id='word_1_2' title='bbox 334 351 336 354; x_wconf 12' lang='lat' dir='ltr'>v</span> <span class='ocrx_word' id='word_1_3' title='bbox 465 278 518 331; x_wconf 84' lang='lat' dir='ltr'>DE</span> <span class='ocrx_word' id='word_1_4' title='bbox 536 276 663 331; x_wconf 83' lang='lat' dir='ltr'>BELLO</span> <span class='ocrx_word' id='word_1_5' title='bbox 683 277 861 332; x_wconf 82' lang='lat' dir='ltr'><strong>GALLIGO.</strong></span> 
     </span>
    </p>
   </div>
   <div class='ocr_carea' id='block_1_2' title="bbox 60 473 1163 724">
    <p class='ocr_par' dir='ltr' id='par_1_2' title="bbox 60 473 1163 724">
     <span class='ocr_line' id='line_1_2' title="bbox 161 473 1162 554; baseline 0.001 -20"><span class='ocrx_word' id='word_1_6' title='bbox 161 481 218 550; x_wconf 88' lang='lat' dir='ltr'>set,</span> <span class='ocrx_word' id='word_1_7' title='bbox 240 493 339 549; x_wconf 89' lang='lat' dir='ltr'>neque</span> <span class='ocrx_word' id='word_1_8' title='bbox 360 474 458 532; x_wconf 87' lang='lat' dir='ltr'>hostis</span> <span class='ocrx_word' id='word_1_9' title='bbox 480 473 600 533; x_wconf 81' lang='lat' dir='ltr'><strong>interim</strong></span> <span class='ocrx_word' id='word_1_10' title='bbox 622 474 707 534; x_wconf 87' lang='lat' dir='ltr'>visus</span> <span class='ocrx_word' id='word_1_11' title='bbox 731 480 822 549; x_wconf 87' lang='lat' dir='ltr'>esset,</span> <span class='ocrx_word' id='word_1_12' title='bbox 847 473 994 551; x_wconf 84' lang='lat' dir='ltr'>dispersis</span> <span class='ocrx_word' id='word_1_13' title='bbox 1016 476 1047 532; x_wconf 92' lang='lat' dir='ltr'>in</span> <span class='ocrx_word' id='word_1_14' title='bbox 1070 496 1162 554; x_wconf 92' lang='lat' dir='ltr'>opere</span> 
     </span>
     <span class='ocr_line' id='line_1_3' title="bbox 160 560 1163 636; baseline 0.002 -17"><span class='ocrx_word' id='word_1_15' title='bbox 160 560 274 623; x_wconf 87' lang='lat' dir='ltr'>nostris</span> <span class='ocrx_word' id='word_1_16' title='bbox 308 561 409 619; x_wconf 92' lang='lat' dir='ltr'>subito</span> <span class='ocrx_word' id='word_1_17' title='bbox 438 580 475 619; x_wconf 84' lang='lat' dir='ltr'>ex</span> <span class='ocrx_word' id='word_1_18' title='bbox 505 561 642 618; x_wconf 87' lang='lat' dir='ltr'>omnibus</span> <span class='ocrx_word' id='word_1_19' title='bbox 675 561 814 636; x_wconf 89' lang='lat' dir='ltr'>partibus</span> <span class='ocrx_word' id='word_1_20' title='bbox 848 560 933 619; x_wconf 81' lang='lat' dir='ltr'>silvae</span> <span class='ocrx_word' id='word_1_21' title='bbox 964 560 1163 621; x_wconf 72' lang='lat' dir='ltr'>evolaverunt</span> 
     </span>
     <span class='ocr_line' id='line_1_4' title="bbox 60 645 1162 724; baseline 0.005 -21"><span class='ocrx_word' id='word_1_22' title='bbox 60 696 63 703; x_wconf 89' lang='lat'>.</span> <span class='ocrx_word' id='word_1_23' title='bbox 163 646 246 705; x_wconf 89' lang='lat' dir='ltr'>etin</span> <span class='ocrx_word' id='word_1_24' title='bbox 267 652 388 706; x_wconf 90' lang='lat' dir='ltr'>nostros</span> <span class='ocrx_word' id='word_1_25' title='bbox 410 646 556 724; x_wconf 90' lang='lat' dir='ltr'>impetum</span> <span class='ocrx_word' id='word_1_26' title='bbox 578 645 725 704; x_wconf 87' lang='lat' dir='ltr'>fecerunt.</span> <span class='ocrx_word' id='word_1_27' title='bbox 777 645 883 704; x_wconf 86' lang='lat' dir='ltr'>Nostri</span> <span class='ocrx_word' id='word_1_28' title='bbox 911 646 1050 705; x_wconf 77' lang='lat' dir='ltr'>celeriter</span> <span class='ocrx_word' id='word_1_29' title='bbox 1079 669 1162 708; x_wconf 88' lang='lat' dir='ltr'>arma</span> 
     </span>
    </p>
   </div>
   <div class='ocr_carea' id='block_1_3' title="bbox 162 732 1240 2182">
    <p class='ocr_par' dir='ltr' id='par_1_3' title="bbox 162 732 1163 980">
     <span class='ocr_line' id='line_1_5' title="bbox 163 732 1161 810; baseline 0.003 -19"><span class='ocrx_word' id='word_1_30' title='bbox 163 738 309 809; x_wconf 89' lang='lat' dir='ltr'>ceperunt</span> <span class='ocrx_word' id='word_1_31' title='bbox 342 751 454 807; x_wconf 89' lang='lat' dir='ltr'>eosque</span> <span class='ocrx_word' id='word_1_32' title='bbox 486 733 519 790; x_wconf 94' lang='lat' dir='ltr'>in</span> <span class='ocrx_word' id='word_1_33' title='bbox 552 733 646 792; x_wconf 87' lang='lat' dir='ltr'>silvas</span> <span class='ocrx_word' id='word_1_34' title='bbox 680 732 856 809; x_wconf 89' lang='lat' dir='ltr'>repulerunt</span> <span class='ocrx_word' id='word_1_35' title='bbox 892 740 923 790; x_wconf 91' lang='lat' dir='ltr'>et</span> <span class='ocrx_word' id='word_1_36' title='bbox 957 733 1161 810; x_wconf 83' lang='lat' dir='ltr'>compluribus</span> 
     </span>
     <span class='ocr_line' id='line_1_6' title="bbox 162 816 1163 896; baseline 0.002 -19"><span class='ocrx_word' id='word_1_37' title='bbox 162 816 330 877; x_wconf 86' lang='lat' dir='ltr'>interfectis</span> <span class='ocrx_word' id='word_1_38' title='bbox 352 818 472 895; x_wconf 85' lang='lat' dir='ltr'>longius</span> <span class='ocrx_word' id='word_1_39' title='bbox 494 818 735 896; x_wconf 81' lang='lat' dir='ltr'>impeditioribus</span> <span class='ocrx_word' id='word_1_40' title='bbox 757 818 833 876; x_wconf 90' lang='lat' dir='ltr'>locis</span> <span class='ocrx_word' id='word_1_41' title='bbox 862 819 960 877; x_wconf 88' lang='lat' dir='ltr'>secuti</span> <span class='ocrx_word' id='word_1_42' title='bbox 988 840 1102 896; x_wconf 90' lang='lat' dir='ltr'>paucos</span> <span class='ocrx_word' id='word_1_43' title='bbox 1125 841 1163 879; x_wconf 90' lang='lat' dir='ltr'>ex</span> 
     </span>
     <span class='ocr_line' id='line_1_7' title="bbox 164 903 496 980; baseline -0.003 -17"><span class='ocrx_word' id='word_1_44' title='bbox 164 904 227 963; x_wconf 89' lang='lat' dir='ltr'>suis</span> <span class='ocrx_word' id='word_1_45' title='bbox 250 903 496 980; x_wconf 88' lang='lat' dir='ltr'>deperdiderunt.</span> 
     </span>
    </p>

    <p class='ocr_par' dir='ltr' id='par_1_4' title="bbox 163 988 1240 2182">
     <span class='ocr_line' id='line_1_8' title="bbox 248 988 1163 1066; baseline 0.002 -18"><span class='ocrx_word' id='word_1_46' title='bbox 248 989 372 1048; x_wconf 80' lang='lat' dir='ltr'>XXlX.</span> <span class='ocrx_word' id='word_1_47' title='bbox 406 990 544 1065; x_wconf 85' lang='lat' dir='ltr'>Reliquis</span> <span class='ocrx_word' id='word_1_48' title='bbox 568 989 711 1066; x_wconf 86' lang='lat' dir='ltr'>deinceps</span> <span class='ocrx_word' id='word_1_49' title='bbox 736 990 843 1048; x_wconf 85' lang='lat' dir='ltr'>diebus</span> <span class='ocrx_word' id='word_1_50' title='bbox 862 988 966 1048; x_wconf 79' lang='lat' dir='ltr'>Caesar</span> <span class='ocrx_word' id='word_1_51' title='bbox 988 990 1081 1050; x_wconf 85' lang='lat' dir='ltr'>silvas</span> <span class='ocrx_word' id='word_1_52' title='bbox 1106 1011 1163 1050; x_wconf 84' lang='grc'>000-</span> 
     </span>
     <span class='ocr_line' id='line_1_9' title="bbox 164 1074 1162 1153; baseline 0.001 -19"><span class='ocrx_word' id='word_1_53' title='bbox 164 1076 235 1135; x_wconf 89' lang='lat' dir='ltr'>dere</span> <span class='ocrx_word' id='word_1_54' title='bbox 263 1074 395 1134; x_wconf 88' lang='lat' dir='ltr'>instituit</span> <span class='ocrx_word' id='word_1_55' title='bbox 423 1083 462 1150; x_wconf 90' lang='grc'>01,</span> <span class='ocrx_word' id='word_1_56' title='bbox 495 1096 533 1135; x_wconf 89' lang='lat' dir='ltr'>ne</span> <span class='ocrx_word' id='word_1_57' title='bbox 562 1075 630 1150; x_wconf 89' lang='lat' dir='ltr'>quis</span> <span class='ocrx_word' id='word_1_58' title='bbox 662 1076 827 1133; x_wconf 89' lang='lat' dir='ltr'>inermibus</span> <span class='ocrx_word' id='word_1_59' title='bbox 860 1075 1162 1153; x_wconf 87' lang='lat' dir='ltr'>imprudentibusque</span> 
     </span>
     <span class='ocr_line' id='line_1_10' title="bbox 163 1160 1163 1238; baseline 0 -17"><span class='ocrx_word' id='word_1_60' title='bbox 163 1161 308 1221; x_wconf 88' lang='lat' dir='ltr'>militibus</span> <span class='ocrx_word' id='word_1_61' title='bbox 342 1162 379 1219; x_wconf 92' lang='lat' dir='ltr'>ab</span> <span class='ocrx_word' id='word_1_62' title='bbox 409 1161 505 1220; x_wconf 88' lang='lat' dir='ltr'>latere</span> <span class='ocrx_word' id='word_1_63' title='bbox 534 1161 665 1238; x_wconf 90' lang='lat' dir='ltr'>impetus</span> <span class='ocrx_word' id='word_1_64' title='bbox 698 1160 764 1220; x_wconf 90' lang='lat' dir='ltr'>fieri</span> <span class='ocrx_word' id='word_1_65' title='bbox 796 1169 910 1238; x_wconf 81' lang='lat' dir='ltr'>posset,</span> <span class='ocrx_word' id='word_1_66' title='bbox 946 1181 1064 1220; x_wconf 89' lang='lat' dir='ltr'>omnem</span> <span class='ocrx_word' id='word_1_67' title='bbox 1097 1183 1163 1221; x_wconf 88' lang='lat' dir='ltr'>eam</span> 
     </span>
     <span class='ocr_line' id='line_1_11' title="bbox 163 1246 1163 1321; baseline 0.003 -16"><span class='ocrx_word' id='word_1_68' title='bbox 163 1248 328 1321; x_wconf 86' lang='lat' dir='ltr'>materiam,</span> <span class='ocrx_word' id='word_1_69' title='bbox 353 1267 421 1321; x_wconf 86' lang='lat' dir='ltr'>quae</span> <span class='ocrx_word' id='word_1_70' title='bbox 444 1254 511 1306; x_wconf 87' lang='grc'>0111</span> <span class='ocrx_word' id='word_1_71' title='bbox 533 1265 622 1321; x_wconf 86' lang='grc'>01001,</span> <span class='ocrx_word' id='word_1_72' title='bbox 653 1266 831 1306; x_wconf 86' lang='lat' dir='ltr'>conversam</span> <span class='ocrx_word' id='word_1_73' title='bbox 861 1246 900 1305; x_wconf 89' lang='lat' dir='ltr'>ad</span> <span class='ocrx_word' id='word_1_74' title='bbox 926 1247 1045 1306; x_wconf 88' lang='lat' dir='ltr'>hostem</span> <span class='ocrx_word' id='word_1_75' title='bbox 1073 1248 1163 1308; x_wconf 93' lang='lat' dir='ltr'>collo-</span> 
     </span>
     <span class='ocr_line' id='line_1_12' title="bbox 164 1332 1240 1410; baseline -0.003 -18"><span class='ocrx_word' id='word_1_76' title='bbox 164 1335 254 1392; x_wconf 86' lang='lat' dir='ltr'>cabat</span> <span class='ocrx_word' id='word_1_77' title='bbox 276 1340 307 1392; x_wconf 89' lang='lat' dir='ltr'>et</span> <span class='ocrx_word' id='word_1_78' title='bbox 327 1353 382 1410; x_wconf 90' lang='lat' dir='ltr'>pro</span> <span class='ocrx_word' id='word_1_79' title='bbox 405 1332 486 1393; x_wconf 85' lang='lat' dir='ltr'>vallo</span> <span class='ocrx_word' id='word_1_80' title='bbox 510 1332 548 1390; x_wconf 88' lang='lat' dir='ltr'>ad</span> <span class='ocrx_word' id='word_1_81' title='bbox 569 1339 730 1407; x_wconf 91' lang='lat' dir='ltr'>utrumque</span> <span class='ocrx_word' id='word_1_82' title='bbox 752 1333 832 1391; x_wconf 89' lang='lat' dir='ltr'>latus</span> <span class='ocrx_word' id='word_1_83' title='bbox 856 1334 1024 1392; x_wconf 80' lang='lat' dir='ltr'>extruebat.</span> <span class='ocrx_word' id='word_1_84' title='bbox 1058 1335 1163 1393; x_wconf 90' lang='lat' dir='ltr'>Incre-</span> <span class='ocrx_word' id='word_1_85' title='bbox 1239 1385 1240 1389; x_wconf 75' lang='grc'>,</span> 
     </span>
     <span class='ocr_line' id='line_1_13' title="bbox 165 1418 1162 1496; baseline 0.002 -19"><span class='ocrx_word' id='word_1_86' title='bbox 165 1419 249 1477; x_wconf 87' lang='lat' dir='ltr'>dibili</span> <span class='ocrx_word' id='word_1_87' title='bbox 282 1418 437 1477; x_wconf 89' lang='lat' dir='ltr'>celeritate</span> <span class='ocrx_word' id='word_1_88' title='bbox 464 1438 573 1494; x_wconf 81' lang='lat' dir='ltr'>magno</span> <span class='ocrx_word' id='word_1_89' title='bbox 607 1419 705 1495; x_wconf 89' lang='lat' dir='ltr'>spatio</span> <span class='ocrx_word' id='word_1_90' title='bbox 739 1419 844 1496; x_wconf 85' lang='lat' dir='ltr'>paucis</span> <span class='ocrx_word' id='word_1_91' title='bbox 879 1419 985 1478; x_wconf 87' lang='lat' dir='ltr'>diebus</span> <span class='ocrx_word' id='word_1_92' title='bbox 1015 1419 1162 1494; x_wconf 71' lang='grc'>0011111010,</span> 
     </span>
     <span class='ocr_line' id='line_1_14' title="bbox 165 1503 1163 1582; baseline 0.003 -20"><span class='ocrx_word' id='word_1_93' title='bbox 165 1525 257 1580; x_wconf 91' lang='lat' dir='ltr'>quum</span> <span class='ocrx_word' id='word_1_94' title='bbox 275 1503 341 1580; x_wconf 86' lang='lat' dir='ltr'>jam</span> <span class='ocrx_word' id='word_1_95' title='bbox 362 1523 456 1582; x_wconf 91' lang='lat' dir='ltr'>pecus</span> <span class='ocrx_word' id='word_1_96' title='bbox 479 1511 570 1579; x_wconf 87' lang='lat' dir='ltr'>atque</span> <span class='ocrx_word' id='word_1_97' title='bbox 593 1512 728 1562; x_wconf 84' lang='lat' dir='ltr'>extrema</span> <span class='ocrx_word' id='word_1_98' title='bbox 749 1505 964 1582; x_wconf 87' lang='lat' dir='ltr'>impedimenta</span> <span class='ocrx_word' id='word_1_99' title='bbox 986 1506 1023 1563; x_wconf 86' lang='lat' dir='ltr'>ab</span> <span class='ocrx_word' id='word_1_100' title='bbox 1050 1507 1163 1565; x_wconf 88' lang='lat' dir='ltr'>nostris</span> 
     </span>
     <span class='ocr_line' id='line_1_15' title="bbox 164 1589 1164 1668; baseline 0.002 -19"><span class='ocrx_word' id='word_1_101' title='bbox 164 1597 348 1666; x_wconf 83' lang='lat' dir='ltr'>tenerentur,</span> <span class='ocrx_word' id='word_1_102' title='bbox 371 1591 431 1668; x_wconf 90' lang='lat' dir='ltr'>ipsi</span> <span class='ocrx_word' id='word_1_103' title='bbox 450 1589 606 1650; x_wconf 88' lang='lat' dir='ltr'>densiores</span> <span class='ocrx_word' id='word_1_104' title='bbox 630 1590 723 1651; x_wconf 86' lang='lat' dir='ltr'>silvas</span> <span class='ocrx_word' id='word_1_105' title='bbox 745 1598 894 1668; x_wconf 88' lang='lat' dir='ltr'>peterent,</span> <span class='ocrx_word' id='word_1_106' title='bbox 919 1591 1070 1668; x_wconf 86' lang='lat' dir='ltr'>ejusmodi</span> <span class='ocrx_word' id='word_1_107' title='bbox 1093 1601 1164 1651; x_wconf 85' lang='lat' dir='ltr'>sunt</span> 
     </span>
     <span class='ocr_line' id='line_1_16' title="bbox 164 1676 1163 1754; baseline 0.002 -19"><span class='ocrx_word' id='word_1_108' title='bbox 164 1682 362 1754; x_wconf 88' lang='lat' dir='ltr'>tempestates</span> <span class='ocrx_word' id='word_1_109' title='bbox 385 1683 566 1751; x_wconf 74' lang='lat' dir='ltr'>consecutae,</span> <span class='ocrx_word' id='word_1_110' title='bbox 589 1677 634 1735; x_wconf 90' lang='lat' dir='ltr'>uti</span> <span class='ocrx_word' id='word_1_111' title='bbox 657 1696 732 1754; x_wconf 92' lang='lat' dir='ltr'>opus</span> <span class='ocrx_word' id='word_1_112' title='bbox 755 1677 928 1736; x_wconf 88' lang='lat' dir='ltr'>necessario</span> <span class='ocrx_word' id='word_1_113' title='bbox 950 1676 1163 1737; x_wconf 86' lang='lat' dir='ltr'>intermittere·</span> 
     </span>
     <span class='ocr_line' id='line_1_17' title="bbox 165 1763 1163 1840; baseline 0.002 -19"><span class='ocrx_word' id='word_1_114' title='bbox 165 1770 215 1821; x_wconf 88' lang='lat' dir='ltr'>tur</span> <span class='ocrx_word' id='word_1_115' title='bbox 237 1771 268 1822; x_wconf 88' lang='grc'>01</span> <span class='ocrx_word' id='word_1_116' title='bbox 290 1763 515 1822; x_wconf 83' lang='lat' dir='ltr'>continuatione</span> <span class='ocrx_word' id='word_1_117' title='bbox 536 1763 677 1821; x_wconf 91' lang='lat' dir='ltr'>imbrium</span> <span class='ocrx_word' id='word_1_118' title='bbox 706 1763 819 1822; x_wconf 88' lang='lat' dir='ltr'>diutius</span> <span class='ocrx_word' id='word_1_119' title='bbox 849 1764 904 1821; x_wconf 85' lang='lat' dir='ltr'>sub</span> <span class='ocrx_word' id='word_1_120' title='bbox 934 1763 1065 1840; x_wconf 87' lang='lat' dir='ltr'>pellibus</span> <span class='ocrx_word' id='word_1_121' title='bbox 1088 1764 1163 1823; x_wconf 89' lang='lat' dir='ltr'>mili·</span> 
     </span>
     <span class='ocr_line' id='line_1_18' title="bbox 164 1849 1163 1927; baseline 0.003 -21"><span class='ocrx_word' id='word_1_122' title='bbox 164 1855 211 1907; x_wconf 89' lang='lat' dir='ltr'>tes</span> <span class='ocrx_word' id='word_1_123' title='bbox 235 1849 381 1907; x_wconf 89' lang='lat' dir='ltr'>contineri</span> <span class='ocrx_word' id='word_1_124' title='bbox 402 1869 463 1907; x_wconf 93' lang='lat' dir='ltr'>non</span> <span class='ocrx_word' id='word_1_125' title='bbox 484 1855 621 1927; x_wconf 88' lang='lat' dir='ltr'>possent.</span> <span class='ocrx_word' id='word_1_126' title='bbox 666 1850 775 1925; x_wconf 85' lang='lat' dir='ltr'>Itaque</span> <span class='ocrx_word' id='word_1_127' title='bbox 797 1849 927 1909; x_wconf 85' lang='lat' dir='ltr'>vastatis</span> <span class='ocrx_word' id='word_1_128' title='bbox 951 1850 1090 1909; x_wconf 91' lang='lat' dir='ltr'>omnibus</span> <span class='ocrx_word' id='word_1_129' title='bbox 1114 1871 1163 1909; x_wconf 93' lang='lat' dir='ltr'>eo-</span> 
     </span>
     <span class='ocr_line' id='line_1_19' title="bbox 165 1934 1164 2010; baseline 0.002 -18"><span class='ocrx_word' id='word_1_130' title='bbox 165 1955 231 1992; x_wconf 90' lang='lat' dir='ltr'>rum</span> <span class='ocrx_word' id='word_1_131' title='bbox 254 1935 345 2010; x_wconf 86' lang='lat' dir='ltr'>agris,</span> <span class='ocrx_word' id='word_1_132' title='bbox 374 1935 450 1995; x_wconf 86' lang='lat' dir='ltr'>vicis</span> <span class='ocrx_word' id='word_1_133' title='bbox 480 1934 675 2009; x_wconf 83' lang='lat' dir='ltr'>aedificiisque</span> <span class='ocrx_word' id='word_1_134' title='bbox 704 1935 837 1994; x_wconf 88' lang='lat' dir='ltr'>incensis</span> <span class='ocrx_word' id='word_1_135' title='bbox 866 1935 970 1994; x_wconf 82' lang='lat' dir='ltr'>Caesar</span> <span class='ocrx_word' id='word_1_136' title='bbox 999 1937 1164 1995; x_wconf 86' lang='lat' dir='ltr'>exercitum</span> 
     </span>
     <span class='ocr_line' id='line_1_20' title="bbox 165 2019 1163 2096; baseline 0.004 -19"><span class='ocrx_word' id='word_1_137' title='bbox 165 2019 286 2078; x_wconf 84' lang='lat' dir='ltr'>reduxit</span> <span class='ocrx_word' id='word_1_138' title='bbox 308 2020 391 2079; x_wconf 88' lang='lat' dir='ltr'>etin</span> <span class='ocrx_word' id='word_1_139' title='bbox 412 2020 553 2079; x_wconf 85' lang='lat' dir='ltr'>Aulercis</span> <span class='ocrx_word' id='word_1_140' title='bbox 577 2020 791 2096; x_wconf 82' lang='lat' dir='ltr'>Lexoviisque‚</span> <span class='ocrx_word' id='word_1_141' title='bbox 815 2020 940 2096; x_wconf 90' lang='lat' dir='ltr'>reliquis</span> <span class='ocrx_word' id='word_1_142' title='bbox 962 2021 1036 2079; x_wconf 90' lang='lat' dir='ltr'>item</span> <span class='ocrx_word' id='word_1_143' title='bbox 1059 2022 1163 2081; x_wconf 88' lang='lat' dir='ltr'>civita-</span> 
     </span>
     <span class='ocr_line' id='line_1_21' title="bbox 165 2105 1162 2182; baseline 0.003 -19"><span class='ocrx_word' id='word_1_144' title='bbox 165 2106 258 2181; x_wconf 86' lang='lat' dir='ltr'>tibus,</span> <span class='ocrx_word' id='word_1_145' title='bbox 279 2126 346 2180; x_wconf 85' lang='lat' dir='ltr'>quee</span> <span class='ocrx_word' id='word_1_146' title='bbox 365 2107 493 2165; x_wconf 84' lang='lat' dir='ltr'>maxime</span> <span class='ocrx_word' id='word_1_147' title='bbox 510 2107 623 2165; x_wconf 89' lang='lat' dir='ltr'>bellum</span> <span class='ocrx_word' id='word_1_148' title='bbox 634 2105 778 2182; x_wconf 80' lang='lat' dir='ltr'>fecerant,</span> <span class='ocrx_word' id='word_1_149' title='bbox 798 2108 830 2165; x_wconf 91' lang='lat' dir='ltr'>in</span> <span class='ocrx_word' id='word_1_150' title='bbox 841 2107 975 2166; x_wconf 88' lang='lat' dir='ltr'>hibernis</span> <span class='ocrx_word' id='word_1_151' title='bbox 994 2108 1162 2169; x_wconf 86' lang='lat' dir='ltr'>collocavit.</span> 
     </span>
    </p>
   </div>
   <div class='ocr_carea' id='block_1_4' title="bbox 0 0 1346 4456">
    <p class='ocr_par' dir='ltr' id='par_1_5' title="bbox 0 0 1346 4456">
     <span class='ocr_line' id='line_1_22' title="bbox 0 0 1346 4456; baseline 0 0"><span class='ocrx_word' id='word_1_152' title='bbox 0 0 1346 4456; x_wconf 95' lang='lat' dir='ltr'> </span> 
     </span>
    </p>
   </div>
  </div>
 </body>
</html>
