2670 4456
574 244 694 300 LIBER
712 245 746 301 V.
1118 254 1158 310 93

158 438 262 498 Sabini
285 446 316 498 et
339 437 423 497 caede
446 438 615 497 cohortium
634 441 765 517 cognita,
790 460 883 515 quum
900 459 1004 498 omnes
1028 439 1067 498 ad
1090 459 1159 498 eum

157 523 352 584 Trevirorum
375 523 470 601 copiae
494 524 660 600 venissent,
685 525 815 596 veritus,
845 526 872 584 si
900 545 937 584 ex
959 525 1093 584 hibernis
1111 524 1158 583 fu·

157 629 204 686 gae
227 609 355 669 similem
376 607 598 687 profectionem
620 608 762 685 fecisset,
798 618 831 669 ut
858 611 992 670 hostium
1014 610 1159 688 impetum

159 695 308 754 sustinere
330 702 445 773 posset,
468 696 639 772 praesertim
662 715 738 771 quos
760 696 876 755 recenti
898 696 1026 755 victoria
1056 694 1158 755 efferri

158 780 258 854 sciret,
283 780 401 839 litteras
425 778 539 839 Caesari
561 780 703 857 remittit,
733 789 845 857 quanto
875 801 944 840 cum
960 781 1094 858 periculo
1117 782 1158 840 le-

157 865 276 943 gionem
309 885 347 924 ex
379 865 514 925 hibernis
549 866 715 925 educturus
749 874 845 939 esset;
881 886 945 925 rem
977 875 1097 943 gestam
1128 868 1160 925 in

156 951 351 1010 Eburonibus
378 951 556 1028 perscribit,
589 952 678 1011 docet
718 972 822 1010 omnes
859 951 1013 1027 equitatus
1041 952 1159 1028 pedita-

156 1043 265 1112 tusque
288 1037 391 1113 copias
413 1036 608 1097 Trevirorum
635 1038 694 1097 tria
723 1037 807 1096 milia
835 1056 983 1115 passuum
1005 1037 1095 1114 longe
1120 1039 1157 1096 ab

157 1120 220 1180 suis
243 1121 352 1180 castris
376 1121 561 1181 consedisse.

240 1206 394 1267 XLVIII.
431 1205 535 1266 Caesar
553 1209 678 1267 consilio
696 1207 763 1284 ejus
782 1209 921 1285 probato,
941 1208 998 1266 etsi
1018 1208 1158 1285 opinione

156 1291 247 1350 trium
269 1291 422 1369 legionum
446 1292 587 1369 dejectus
611 1294 650 1352 ad
673 1294 749 1352 duas
772 1293 914 1368 redierat,
943 1300 1045 1352 tamen
1067 1314 1160 1351 unum

158 1378 324 1436 communis
348 1378 455 1436 salutis
480 1379 624 1437 arixilium
647 1380 678 1437 in
702 1380 857 1438 celeritate
880 1380 1021 1455 ponebat.
1067 1379 1160 1437 Venit

158 1463 276 1540 magnis
299 1463 459 1522 itineribus
487 1464 521 1546 in
542 1464 724 1524 Nerviorum
752 1464 838 1541 fines.
885 1465 934 1522 Ibi
964 1484 1001 1522 ex
1030 1465 1160 1541 captivis

159 1547 325 1625 cognoscit,
350 1568 417 1624 quae
452 1549 532 1626 apud
557 1548 732 1610 Ciceronem
765 1556 911 1627 gerantur
934 1558 1106 1624 quantoque
1129 1551 1159 1607 in

157 1634 292 1711 periculo
315 1653 365 1693 res
388 1634 436 1693 sit.
484 1635 561 1693 Tum
585 1635 705 1693 cuidam
729 1655 765 1694 ex
789 1635 942 1710 equitibus
956 1635 1052 1692 Gallis
1075 1655 1158 1710 mag-

155 1718 203 1777 nis
225 1718 359 1797 praemiis
382 1720 556 1796 persuadet,
580 1721 625 1778 uti
648 1720 687 1779 ad
717 1719 895 1779 Ciceronem
918 1719 1077 1796 epistolam
1108 1720 1158 1778 de·

156 1802 243 1863 ferat.
278 1805 367 1864 Hanc
380 1805 497 1865 Graecis
522 1805 725 1883 conscriptam
742 1805 852 1864 litteris
870 1805 971 1879 mittit,
994 1824 1043 1879 ne,
1066 1804 1158 1864 inter-

67 1926 69 1930 ·
158 1897 245 1966 cepta
268 1891 406 1967 epistola,
429 1899 535 1950 nostra
559 1892 596 1950 ab
620 1891 759 1950 hostibus
784 1890 910 1950 consilia
927 1898 1158 1966 cognoscantur.

157 1973 190 2032 si
217 1975 301 2034 adire
327 1996 387 2034 nou
415 1977 522 2053 possit,
551 1984 662 2051 monet,
692 1984 726 2035 ut
753 1976 905 2053 tragulam
934 1997 1002 2035 cum
1031 1977 1161 2054 epistola

157 2059 196 2118 ad
214 2068 368 2120 amentum
385 2062 518 2139 deligata
537 2062 617 2121 intra
634 2063 832 2122 munitionem
844 2069 1013 2121 castrorum
1025 2062 1158 2138 abjiciat.

156 2144 193 2203 In
215 2146 326 2205 litteris
350 2147 456 2205 scribit
485 2167 518 2206 se
542 2168 610 2206 oum
636 2148 808 2224 legionibus
831 2146 1002 2225 profectum
1021 2147 1161 2205 celeriter

156 2229 265 2304 affore;
290 2231 438 2307 hortatur,
461 2240 495 2291 ut
516 2233 676 2309 pristinam
699 2234 845 2293 virtutem
867 2233 1005 2291 retineat.
1053 2231 1159 2289 Gallus

155 2316 324 2392 periculum
346 2318 472 2392 verituS,
508 2325 542 2375 ut
566 2325 631 2376 erat
653 2324 851 2395 praeceptum,
876 2317 1026 2393 tragulam
1056 2316 1158 2374 mittit.

156 2401 232 2460 Haec
257 2421 330 2461 casu
353 2402 392 2461 ad
414 2403 522 2462 turrim
542 2402 672 2461 adhaesit
689 2422 788 2477 neque
810 2402 847 2460 ab
866 2401 979 2459 nostris
992 2401 1083 2458 biduo
1098 2402 1160 2459 ani-

156 2485 318 2547 madversa
334 2488 424 2547 tertio
443 2488 491 2546 die
511 2509 529 2546 a
549 2487 679 2563 quodam
696 2487 791 2545 milite
815 2486 1014 2563 conspicitur,
1039 2485 1162 2564 dempta

157 2571 196 2630 ad
219 2571 395 2632 Ciceronem
418 2572 562 2632 defertur.
608 2573 667 2631 llle
689 2573 856 2650 perlectam
877 2573 910 2630 iu
932 2578 1085 2632 conventu
1107 2573 1161 2629 mi-

156 2657 242 2716 litum
264 2659 372 2717 recitat
394 2659 584 2733 maximaque
607 2677 711 2717 omnes
733 2658 840 2716 laetitia
863 2655 967 2716 afficit.
1013 2657 1091 2716 Tum
1114 2657 1128 2716 f
1150 2691 1161 2700 ·

157 2743 198 2800 mi
220 2743 428 2803 incendiorum
450 2743 558 2822 procul
580 2743 772 2819 videbantur,
796 2763 864 2819 quae
886 2762 936 2802 res
960 2763 1079 2802 omnem
1108 2743 1162 2802 du-

158 2828 335 2888 bitationem
358 2829 508 2889 adventus
530 2829 684 2906 legionum
706 2830 830 2907 expulit.

243 2913 364 2972 XLIX.
400 2914 481 2973 Galli
492 2934 526 2973 re
538 2916 660 2992 cognita
671 2935 726 2992 per
746 2915 956 2992 exploratores
973 2913 1163 2972 obsidionem

157 2998 340 3074 relinquunt,
364 2998 404 3059 ad
427 2998 579 3058 Caesarem
597 3001 736 3058 omnibus
756 3000 851 3077 copiis
869 2998 1072 3071 contendunt;
1097 2998 1162 3056 haec

161 3092 249 3143 erant
272 3092 389 3144 armata
412 3085 533 3144 circiter
554 3085 637 3143 milia
659 3085 728 3143 LX.
781 3082 886 3142 Cicero
915 3082 987 3141 data
1016 3081 1163 3141 facultate

163 3167 287 3229 Gallum
321 3171 358 3229 ab
389 3169 496 3230 eodem
518 3170 692 3244 Verticone,
729 3189 819 3245 quem
854 3188 947 3245 supra
975 3168 1163 3227 demonstra-

160 3253 268 3329 vimus,
292 3255 415 3332 reperit,
447 3255 498 3330 qui
525 3256 645 3314 litteras
676 3255 716 3314 ad
739 3253 892 3313 Caesarem
920 3251 1052 3328 deferat3
1084 3255 1164 3313 huno

160 3339 311 3415 admonet,
347 3340 405 3399 iter
434 3348 522 3399 caute
551 3341 772 3417 diligenterque
801 3338 908 3413 iaciat3
943 3340 1106 3418 perscribit
1133 3341 1165 3398 in

160 3424 271 3484 litteris
293 3426 398 3484 hostes
422 3427 459 3484 ab
484 3446 518 3484 se
531 3426 713 3484 discessisse
736 3445 915 3501 omnemque
938 3425 1067 3484 adeum
1088 3426 1164 3483 mul·

161 3510 324 3570 titudinem
359 3512 557 3571 convertisse.
615 3510 733 3582 Quibus
766 3511 877 3570 litteris
913 3510 1032 3570 circiter
1066 3510 1166 3569 media

161 3602 250 3656 nocte
281 3595 385 3655 Caesar
415 3596 515 3655 allatis
545 3616 617 3655 suos
644 3595 719 3655 facit
742 3597 888 3655 certiores
917 3614 1030 3670 eosque
1059 3594 1098 3653 ad
1121 3594 1165 3652 di-

161 3680 335 3739 micandum
370 3681 469 3740 animo
504 3681 670 3740 confirmat.
726 3681 854 3740 Postero
889 3681 938 3739 die
971 3680 1040 3738 luce
1068 3680 1166 3756 prima

162 3774 265 3826 movet
293 3773 394 3826 castra
423 3773 460 3841 et
483 3767 604 3825 circiter
631 3766 715 3824 milia
742 3785 892 3843 passuum
914 3765 962 3824 IV
983 3783 1166 3840 progressus

162 3856 247 3910 trans
270 3852 381 3911 vallem
405 3848 565 3927 [magnam]
594 3859 626 3911 et
654 3851 753 3911 rivum
782 3849 1006 3910 multitudinem
1033 3849 1166 3908 hostium

164 3937 366 4016 conspicatur.
423 3937 499 3995 Erat
532 3937 634 4013 magni
665 3936 794 4014 periculi
827 3955 877 3995 res
914 3934 1040 3993 tantulis
1070 3935 1166 4012 copiis
