2670 4456
194 278 254 335 126
508 270 560 322 nn
579 267 706 322 anano
726 267 895 323 6111110

190 475 252 525 tem
275 465 334 523 loci
355 463 483 537 videret,
514 470 637 541 paratos
670 483 765 540 prope
799 482 885 537 aequo
913 463 1013 522 Marte
1040 462 1081 522 ad
1107 463 1195 522 dimi·

153 600 157 605 .
192 551 322 610 candum
345 549 542 624 existimaret,
566 549 618 624 qui
640 549 830 623 iniquitatem
859 547 1045 607 condicionis
1074 550 1193 627 perspi·

191 642 284 708 ceret,
308 636 390 693 inani
413 634 605 693 simulatione
629 654 697 693 sese
720 640 875 693 ostentare
899 642 1106 710 cognosceret.
1140 635 1218 694 Ι11-.

192 722 354 798 dignantes
377 720 488 779 milites
512 719 625 794 Caesar,
650 719 731 796 quod
753 727 952 797 conspectum
974 739 1062 778 suum
1084 721 1193 780 hostes

191 806 329 886 perferre
359 813 486 883 possent
519 806 637 864 tantulo
672 805 771 882 spatio
805 805 984 881 interjecto,
1019 813 1050 864 et
1072 806 1195 882 signum

190 892 291 970 proelii
318 899 520 969 exposcentes
549 891 672 963 edocet,
702 898 815 966 quanto
847 890 1026 950 detrimento
1061 898 1091 950 61
1119 899 1195 967 quot

191 978 324 1038 virorum
356 976 480 1035 fortium
514 983 611 1035 morte
639 996 767 1035 necesse
791 976 830 1034 sit
854 983 995 1035 constare
1017 977 1192 1051 victoriam;

191 1083 267 1139 quos
291 1083 383 1138 quum
405 1064 450 1122 sio
472 1062 570 1121 animo
593 1071 718 1139 paratos
729 1061 842 1136 videat,
865 1068 900 1119 ut
921 1061 1037 1120 nullum
1059 1082 1114 1139 pro
1138 1081 1196 1121 sua

190 1149 279 1208 laude
307 1149 474 1226 periculum
505 1156 657 1221 recusent,
692 1166 816 1205 summae
852 1166 885 1206 16
918 1148 1086 1222 iniquitatis
1121 1168 1193 1206 con-

191 1233 327 1293 demnari
360 1234 482 1306 debere,
515 1233 574 1291 nisi
608 1253 711 1292 eorum
740 1232 835 1292 vitam
870 1252 925 1291 sua
954 1233 1051 1291 salute
1080 1233 1196 1293 habeat

191 1321 347 1379 cariorem.
394 1319 444 1377 Sic
467 1319 579 1376 milites
603 1319 777 1377 consolatus
800 1318 906 1377 eodem
935 1319 984 1376 die
1012 1317 1133 1377 reducit
1162 1319 1195 1377 in

192 1412 293 1463 castra
316 1404 501 1479 reliquaque,
538 1423 605 1480 quae
640 1403 679 1462 ad
713 1404 970 1482 oppugnationem
997 1404 1100 1481 oppidi
1123 1424 1194 1482 per-

190 1490 338 1565 tinebant,
363 1489 575 1548 administrare
597 1489 737 1548 instituit.

275 1575 349 1633 XX.
394 1575 628 1652 Vercingetorix
651 1595 744 1650 quum
768 1575 807 1633 ad
829 1594 902 1633 suos
924 1574 1065 1649 redisset,
1088 1574 1193 1652 prodi-

190 1661 284 1720 tionis
307 1661 508 1735 insimulatus,
534 1661 615 1736 quod
638 1668 740 1719 castra
762 1661 888 1738 propius
900 1661 1055 1719 Romanos
1077 1660 1193 1722 movis-

190 1753 246 1821 set,
270 1747 351 1822 quod
376 1767 443 1805 eum
466 1747 546 1806 omni
569 1748 705 1821 equitatu
728 1746 932 1819 discessisset,
956 1745 1038 1821 quod
1055 1746 1120 1804 sine
1137 1746 1194 1804 im·

191 1833 277 1909 perio
301 1839 402 1891 tantas
426 1832 529 1910 copias
551 1832 736 1906 reliquisset,
760 1831 842 1907 quod
871 1833 938 1908 ejus
968 1831 1107 1890 discessu
1129 1831 1193 1891 Ro-

189 1917 269 1975 mani
302 1924 388 1976 tanta
422 1918 648 1995 opportunitate
679 1925 710 1976 61
743 1918 899 1977 celeritate
929 1918 1102 1976 venissent:
1132 1937 1194 1977 non

191 2002 257 2060 haec
281 2003 381 2060 omnia
402 2001 527 2061 iortuito
552 2011 605 2061 aut
628 2003 693 2062 sine
722 2003 847 2061 consilio
878 2003 1016 2061 accidere
1043 2002 1193 2080 potuisse,

191 2107 316 2164 regnum
340 2087 425 2145 illum
449 2088 556 2146 Galliae
580 2088 670 2146 malle
694 2087 825 2146 Caesaris
848 2107 1005 2157 concessu,
1035 2108 1125 2163 quam
1148 2088 1194 2166 ip·
1214 2122 1218 2127 ·

194 2192 296 2231 sorum
330 2173 443 2232 habere
472 2172 629 2248 beneficio,
663 2174 717 2233 tali
750 2174 839 2233 modo
874 2180 1035 2232 accusatus
1065 2173 1104 2232 ad
1125 2174 1195 2232 haec

192 2259 363 2335 respondit:
389 2259 477 2329 Quod
500 2268 602 2319 castra
623 2260 784 2334 movisset,
814 2258 931 2318 factum
959 2259 1062 2337 inopia
1089 2259 1195 2336 pabuli

193 2344 283 2402 etiarn
301 2345 377 2421 ipsis
394 2345 600 2420 hortantibus,
626 2346 707 2420 quod
729 2345 855 2422 propius
873 2346 1027 2403 Romanos
1046 2345 1195 2404 accessis-

194 2436 249 2504 set,
274 2449 455 2507 persvasum
477 2431 796 2509 loci'opportunitate,
827 2431 879 2506 qui
908 2450 941 2488 se
969 2431 1070 2507 ipsum
1097 2430 1195 2488 muni-

193 2515 275 2573 tione
298 2514 492 2589 defenderet;
523 2518 657 2592 equitum
686 2536 758 2576 vero
789 2536 912 2592 operam
939 2535 1038 2590 neque
1066 2515 1098 2573 in
1127 2516 1196 2575 loco

192 2599 323 2676 palustri
345 2600 512 2658 desiderari
536 2602 679 2660 debuisse
710 2609 741 2660 et
772 2601 835 2659 illic
865 2600 963 2659 fuisse
990 2601 1111 2675 utilem,
1135 2621 1195 2676 quo

193 2684 255 2742 sint
276 2684 423 2761 prosecti3
448 2705 595 2744 summam
616 2687 735 2764 imperii
764 2706 798 2745 se
827 2686 964 2746 consulto
993 2687 1068 2765 nulli
1097 2686 1195 2745 disce-

194 2768 317 2827 dentem
340 2769 513 2844 tradidisse,
550 2791 588 2830 ne
621 2772 648 2830 is
676 2772 881 2831 multitudinis
911 2772 1011 2830 studio
1041 2770 1080 2830 ad
1110 2771 1196 2830 dimi·

194 2853 324 2912 candum
357 2854 571 2932 impelleretur,
608 2857 656 2915 cui
688 2859 734 2916 rei
766 2865 890 2936 propter
919 2858 1012 2916 animi
1038 2857 1196 2915 mollitiem

194 2938 318 2999 studere
342 2960 445 2999 omnes
468 2941 595 3017 videret,
620 2943 702 3018 quod
723 2943 837 3002 diutius
860 2944 995 3001 laborem
1024 2941 1107 3001 serre
1135 2962 1198 3001 non

193 3032 330 3102 possent.
376 3026 506 3085 Romani
529 3028 556 3087 si
579 3048 653 3087 casu
675 3029 902 3102 intervenerint,
926 3028 1067 3103 fortunae,
1092 3028 1119 3086 si
1142 3028 1197 3086 ali-

195 3110 283 3185 cujus
305 3110 416 3169 indicio
440 3114 551 3186 vocati,
575 3114 645 3172 huic
675 3114 857 3172 habendam
874 3114 1019 3190 gratiam,
1054 3113 1137 3189 quod
1166 3121 1198 3172 et

194 3196 378 3271 paucitatem
402 3216 504 3254 eorum
528 3219 564 3256 ex
586 3199 653 3258 loco
677 3199 833 3276 superiore
863 3218 1049 3275 cognoscere
1077 3206 1109 3257 61
1136 3198 1197 3258 vir-

195 3286 291 3338 tutem
314 3280 472 3356 despicere
500 3284 664 3359 potuerint,
699 3286 750 3361 qui
781 3284 925 3342 dimicare
954 3304 1015 3342 non
1044 3284 1197 3343 61111111-

196 3365 275 3442 piter
298 3383 331 3422 se
353 3365 384 3423 in
407 3374 508 3426 castra
530 3369 709 3447 receperint.
755 3370 922 3448 Imperium
945 3389 979 3428 se
1002 3371 1040 3428 ab
1073 3368 1198 3428 Caesare

194 3470 249 3527 per
271 3449 472 3527 proditionem
493 3455 611 3512 nullum
634 3454 817 3529 desiderare,
848 3455 930 3530 quod
959 3455 1072 3514 habere
1100 3454 1197 3514 victo-

195 3535 240 3592 ria
262 3543 377 3613 posset,
412 3557 479 3612 quae
510 3538 576 3615 jam
609 3549 692 3599 esset
721 3541 780 3599 sibi
811 3546 903 3615 atque
936 3541 1074 3599 omnibus
1099 3539 1199 3599 Gallis

196 3621 368 3698 explorata,
393 3623 466 3697 quin
490 3625 581 3683 etiam
602 3625 679 3702 ipsis
701 3625 866 3700 remittere,
892 3627 918 3685 si
941 3626 1000 3684 sibi
1022 3626 1123 3702 magis
1145 3626 1197 3684 ho-

195 3726 299 3764 norem
321 3707 464 3784 tribuere,
489 3730 580 3785 quam
603 3712 640 3770 ab
665 3729 698 3769 16
721 3711 851 3770 salutem
869 3711 1008 3789 accipere
1024 3711 1196 3771 videantur.

195 3791 272 3849 Haec
294 3800 328 3850 ut
354 3793 542 3870 intelligatis,
576 3796 683 3871 inquit,
718 3817 736 3854 a
768 3816 816 3854 me
850 3797 968 3856 sincere
996 3796 1197 3874 pronuntiari,

196 3876 298 3936 audite
321 3877 475 3937 Romanos
497 3881 618 3939 milites.
663 3881 810 3940 Producit
832 3900 954 3956 servos,
985 3902 1062 3957 quos
1090 3882 1123 3940 in
1145 3902 1198 3958 pa·

195 3961 351 4022 bulatione
373 3965 480 4041 paucis
503 3972 573 4024 ante
596 3965 704 4025 diebus
734 3974 897 4044 exceperat
926 3974 956 4026 61
983 3966 1064 4026 fame
1091 3967 1198 4028 vincu-
