2670 4456
545 260 665 317 LIBER
682 260 764 316 VIII.
1105 265 1165 324 165

161 474 260 532 neque
282 457 462 521 resistentes
491 456 716 539 aggrediundos
738 462 824 515 tanto
855 455 941 514 collis
965 473 1095 514 ascensu
1113 454 1163 533 ju-

163 541 294 617 dicabat,
322 562 422 618 neque
443 563 505 601 non
527 561 625 618 usque
654 561 689 600 eo
711 541 848 618 legiones
878 539 1101 616 admovendas,
1130 546 1165 599 ut

162 627 321 687 discedere
344 648 383 687 ex
405 648 439 687 eo
462 628 529 687 loco
555 627 621 688 sine
642 627 778 706 pe1icnlo
800 626 925 686 barbari
946 626 1095 686 militibus
1118 627 1163 685 in-

162 714 315 773 stantibus
337 734 399 773 non
409 720 546 792 possent.
581 713 632 772 Ita
654 732 748 789 quum
769 711 880 791 palude
902 712 1050 790 impedita
1072 733 1091 771 a
1113 733 1162 772 ca·

162 800 234 858 stris
268 806 370 860 castra
403 800 498 860 dividi
520 798 649 874 videret,
685 818 753 875 quaa
782 798 962 858 transeundi
996 796 1164 858 difficultas

164 885 351 944 celeritatem
372 884 552 961 insequendi
574 884 697 944 tardare
726 891 841 962 posset,
872 890 963 959 atque
991 883 1022 942 id
1047 883 1166 962 jugum,

163 971 245 1047 quod
268 978 355 1030 trans
377 971 520 1049 paludem
541 991 630 1048 paene
654 969 693 1029 ad
714 970 849 1030 hostium
874 976 977 1029 castra
988 970 1166 1047 pertineret,

162 1056 310 1116 mediocri
331 1057 411 1119 valle
439 1078 457 1116 a
485 1056 595 1116 castris
626 1076 729 1116 eorum
756 1055 935 1115 intercisum
957 1055 1089 1115 animum
1112 1056 1164 1115 ad·

162 1150 305 1218 verteret,
328 1142 473 1221 pontibus
495 1142 608 1220 palude
632 1149 789 1202 constrata
810 1141 947 1218 legiones
963 1140 1099 1201 traducit
1118 1162 1166 1201 ce·

162 1229 325 1304 leniterque
347 1229 380 1287 in
401 1247 550 1288 summam
572 1228 730 1307 planitiem
749 1227 818 1305 jugi
840 1228 989 1304 pervenit,
1021 1236 1091 1304 quae'
1113 1227 1166 1287 de-

163 1314 233 1375 clivi
254 1313 379 1391 sastigio
402 1314 521 1374 duobus
550 1316 587 1374 ab
616 1314 763 1374 lateribus
791 1313 993 1373 muniebatur.
1046 1313 1097 1372 Ibi
1123 1312 1166 1373 le-

162 1401 303 1478 gionibus
326 1400 484 1460 instructis
507 1400 547 1459 ad
568 1400 708 1460 ultimum
722 1399 832 1477 jugum
851 1399 992 1477 pervenit
1008 1399 1166 1474 aciemque

163 1506 198 1545 eo
220 1487 287 1545 loco
311 1486 478 1561 constituit,
503 1485 583 1545 unde
605 1493 755 1545 tormento
778 1485 872 1544 missa
893 1476 959 1544 tela
980 1485 1012 1543 in
1033 1485 1166 1544 hostium

164 1591 276 1631 cuneos
299 1571 409 1648 conjici
430 1579 566 1650 possent.

248 1658 319 1719 XV.
375 1658 507 1718 Barbari
536 1656 642 1717 confisi
670 1657 729 1716 loci
756 1664 875 1731 natura,
905 1676 997 1732 quum
1020 1657 1166 1716 dimicare

163 1764 224 1802 non
257 1751 444 1819 recusarent,
479 1744 505 1803 si
539 1742 619 1802 forte
646 1743 778 1802 Romani
807 1742 909 1801 subire
942 1742 1051 1801 collem
1075 1761 1165 1802 cona·

162 1836 277 1905 rentur,
295 1830 501 1907 paulatimque
525 1830 628 1908 copias
647 1828 828 1888 distributas
847 1828 1000 1887 dimittere
1017 1848 1079 1887 non
1095 1847 1165 1906 pos·

163 1922 240 1991 sent,
263 1936 302 1974 ne
325 1916 456 1992 dispersi
477 1917 737 1992 perturbarentur,
767 1915 798 1973 in
827 1914 892 1973 acie
918 1922 1162 1992 permanserunt.
1230 1988 1234 1999 ἱ

164 2001 299 2072 Quorum
325 2001 494 2079 pertinacia
522 2002 643 2078 cognita
667 2000 770 2060 Caesar
792 2000 900 2077 viginti
923 2001 1099 2060 cohortibus
1122 2001 1166 2059 ln-

163 2087 288 2146 structis
312 2087 481 2162 castrisque
504 2107 538 2146 eo
560 2088 628 2146 loco
650 2087 773 2146 metatis
800 2087 911 2145 muniri
935 2085 1025 2163 jubet
1054 2093 1166 2145 eastra.

162 2173 322 2232 Absolutis
351 2173 494 2251 operibus
522 2194 577 2251 pro
611 2174 692 2233 vallo
726 2173 860 2250 legiones
883 2173 1050 2230 instructas
1074 2172 1165 2231 collo·

164 2266 227 2333 cat,
253 2259 371 2335 equites
393 2258 522 2318 frenatis
546 2260 632 2335 equis
654 2259 684 2317 in
708 2258 891 2317 stationibus
916 2256 1059 2334 disponit.
1093 2257 1164 2316 Bel-

161 2344 261 2405 lovaci
283 2365 375 2420 quum
387 2344 541 2403 Romanos
565 2344 605 2403 ad
626 2343 849 2419 insequendum
871 2349 996 2421 paratos
1013 2343 1163 2418 viderent,

161 2449 261 2505 neque
289 2437 470 2509 pernoctare
505 2437 558 2489 aut
591 2429 705 2489 diutius
733 2448 911 2507 permanere
942 2428 1008 2487 sine
1029 2428 1165 2506 periculo

163 2516 270 2575 eodem
291 2516 358 2574 loco
381 2523 518 2595 possent,
542 2516 603 2574 tale
627 2515 787 2574 consilium
810 2514 859 2572 sui
887 2514 1055 2592 recipiendi
1078 2534 1165 2592 oepe-

161 2609 241 2660 runt.
275 2601 400 2677 Fasces,
424 2602 477 2660 ubi
501 2601 711 2675 consederant,
734 2620 790 2678 per
811 2619 918 2659 manus
931 2606 1166 2659 stramentorum

163 2707 198 2746 ae
226 2687 435 2764 virgultorum,
471 2707 598 2763 quorum
629 2707 746 2746 summa
774 2693 840 2745 erat
867 2687 899 2745 in
928 2686 1038 2745 castris
1068 2687 1164 2765 copia,

161 2774 241 2833 inter
279 2793 313 2832 se
352 2773 481 2833 traditos
515 2781 585 2832 ante
618 2773 714 2833 aciem
749 2772 936 2832 collocarunt
970 2780 1166 2849 extremoque

161 2867 298 2937 tempore
332 2859 392 2918 diei
426 2859 513 2936 signo
546 2859 742 2937 pronuntiato
776 2879 835 2918 uno
863 2866 1000 2936 tempore
1022 2858 1164 2918 incende·

162 2953 241 3004 runt.
297 2946 347 3004 Ita
380 2946 539 3004 continens
572 2944 693 3004 flamma
727 2945 830 3022 copias
865 2963 970 3004 omnes
998 2951 1124 3022 repente
1149 2964 1167 3002 a

163 3038 330 3109 conspectu
362 3032 439 3089 texit
468 3031 683 3090 Romanorum.
742 3030 830 3102 Quod
858 3030 910 3088 ubi
938 3029 1065 3106 accidit,
1095 3029 1165 3088 bar·
1218 3090 1222 3094 ,

161 3116 229 3176 bari
250 3117 517 3177 vehementissimo
542 3136 634 3176 cursu
655 3115 844 3193 refugerunt.

247 3202 336 3263 XVI.
383 3202 488 3262 Caesar
506 3202 565 3261 etsi
582 3201 753 3262 discessum
769 3201 903 3260 hostium
922 3201 1165 3261 animadvertere

163 3308 225 3346 non
243 3295 364 3366 poterat
379 3288 528 3348 incendiis
549 3289 708 3366 oppositis,
731 3295 834 3346 tamen
853 3287 885 3344 id
902 3287 1166 3362 consiliumquurn

163 3373 245 3451 fugae
274 3394 367 3433 cansa
397 3375 505 3433 initum
532 3375 749 3452 suspicaretur,
783 3373 921 3450 legiones
948 3379 1108 3450 promovet
1136 3380 1167 3432 et

165 3468 281 3518 turmas
304 3460 398 3518 mittit
420 3460 459 3519 ad
481 3459 720 3536 insequendum3
745 3459 812 3536 ipse
834 3458 951 3518 veritus
967 3458 1104 3532 insidias,
1127 3477 1166 3516 ne

163 3544 243 3604 forte
265 3545 297 3603 in
320 3544 427 3604 eodem
448 3547 514 3605 loco
538 3546 720 3605 subsisteret
741 3544 839 3604 hostis
863 3552 954 3619 atque
978 3545 1086 3603 elicere
1108 3563 1161 3601 no-

163 3638 244 3690 stros
277 3631 309 3688 in
341 3631 442 3690 locum
475 3639 636 3691 conaretur
673 3631 824 3706 iniquum,
864 3630 981 3688 tardius
1015 3628 1163 3706 procedit.

162 3717 292 3793 Equites
316 3736 407 3791 quum
434 3717 548 3776 intrare
577 3717 693 3776 fumum
721 3724 752 3776 et
779 3715 932 3774 flammam
954 3714 1167 3774 densissimam

162 3803 304 3862 timerent
331 3822 376 3878 ac,
411 3803 438 3861 si
471 3803 523 3878 qui
551 3803 690 3880 cupidius
719 3803 924 3874 intraverant,
954 3801 1005 3860 vix
1039 3819 1163 3859 suorum

162 3888 224 3966 ipsi
239 3889 358 3966 priores
375 3895 479 3966 partes
498 3889 773 3949 animadverterent
791 3906 946 3963 equorum,
963 3885 1092 3945 insidias
1112 3905 1164 3946 ve-

163 3974 214 4033 riti
230 3974 358 4034 liberam
374 3973 552 4034 facultatem
571 3975 618 4033 sui
635 3972 801 4052 recipiendi
813 3972 988 4031 Bellovacis
1000 3971 1160 4031 dederunt.
