2670 4456
190 279 252 336 124
496 267 549 320 DE
567 266 694 321 BELLO
714 265 884 321 GALLIOO

189 464 256 523 culo
283 463 404 538 longius
439 463 476 520 ab
507 462 617 521 castris
645 480 861 538 processuros;
899 480 999 537 neque
1031 463 1194 538 interesse,

188 549 312 627 ipsosne
334 548 519 606 interficiant
539 547 804 624 impedimentisne
827 554 949 622 exuant,
973 547 1084 623 quibus
1103 549 1194 607 amis·

189 637 233 694 sis
254 634 368 692 bellum
391 634 456 710 geri
485 653 547 691 non
573 632 681 710 possit.
738 633 892 691 Praeterea
926 633 1039 710 oppida
1070 634 1196 693 incendi

190 727 339 797 oportere,
374 739 442 794 quae
475 739 535 777 non
568 718 734 776 munitione
767 726 798 776 et
826 719 884 777 loci
912 726 1021 777 natura
1050 721 1088 778 ab
1113 720 1195 778 omni

189 807 251 864 sint
274 805 409 883 periculo
433 811 509 877 tuta,
543 824 582 862 ne
611 804 674 862 suis
706 804 768 862 sint
796 803 833 862 ad
863 803 1093 863 detrectandam
1115 805 1195 863 mili·

189 891 264 949 tiam
298 890 508 967 receptacula,
543 909 603 947 neu
635 889 784 947 Romanis
822 890 981 967 proposita
1011 890 1050 948 ad
1074 892 1196 969 copiam

189 982 375 1036 commeatus
397 975 594 1053 praedamque
616 975 802 1052 potiendam.
848 975 925 1033 Haeo
953 975 981 1034 si
1008 976 1117 1052 gravia
1138 986 1196 1036 aut

189 1063 299 1121 acerba
320 1061 491 1135 videantur,
514 1061 609 1119 multo
632 1061 685 1119 illa
712 1060 838 1137 gravius
868 1061 1020 1119 aestimare
1048 1059 1195 1138 [debere],

187 1147 310 1221 liberos,
335 1146 481 1222 conjuges
504 1146 535 1204 in
558 1147 738 1206 servitutem
761 1146 913 1220 abstrahi,
944 1146 1030 1223 ipsos
1052 1146 1194 1223 interfici,

190 1252 258 1308 quae
283 1233 324 1291 sit
345 1251 474 1290 necesse
497 1231 636 1289 accidere
658 1232 757 1291 victis.

273 1317 344 1376 XV.
391 1316 532 1375 Omnium
554 1336 705 1376 consensu
726 1317 785 1375 hac
808 1317 959 1375 sententia
981 1318 1111 1395 probata
1128 1333 1195 1377 'uno

190 1403 239 1461 die
263 1402 393 1478 amplius
404 1402 470 1460 XX
487 1402 578 1460 urbes
591 1403 764 1479 Biturigum
780 1402 992 1461 incenduntur.
1026 1404 1095 1462 Hoc
1112 1403 1196 1462 idem

188 1486 223 1546 fit
245 1488 277 1545 in
298 1487 424 1562 reliquis
447 1488 632 1546 civitatibus
666 1488 705 1546 In
728 1488 867 1547 omnibus
890 1488 1030 1564 partibus
1052 1489 1195 1548 incendia

190 1573 433 1650 conspiciuntur,
458 1593 525 1648 quae
550 1574 608 1632 etsi
630 1594 740 1650 magno
764 1593 833 1631 cum
856 1572 960 1633 dolore
983 1594 1088 1633 omnes
1111 1573 1192 1634 fere·

188 1660 272 1734 bant,
296 1666 398 1716 tamen
420 1659 477 1717 hoc
501 1658 559 1717 sibi
582 1659 684 1718 solatii
705 1659 926 1736 proponebant,
951 1659 1032 1735 quod
1050 1679 1084 1718 se
1095 1680 1195 1738 prope

190 1745 348 1821 explorata
370 1743 499 1805 victoria
530 1745 669 1803 celeriter
697 1745 811 1803 amisse
837 1753 1072 1822 recuperaturos
1101 1744 1194 1805 confi-

193 1829 315 1888 debant.
360 1829 557 1888 Deliberatur
587 1829 625 1889 de
648 1831 781 1891 Avarico
810 1830 839 1888 in
871 1831 1023 1889 communi
1053 1831 1193 1907 concilio,

188 1913 309 1972 incendi
330 1915 476 1991 placeret,
501 1935 539 1973 an
563 1915 695 1974 defendi.
730 1916 938 1974 Procumbunt
961 1916 1100 1974 omnibus
1120 1916 1194 1975 Gal-

189 1999 230 2057 lis
253 1998 292 2057 ad
314 1999 409 2075 pedes
439 2000 612 2076 Bituriges,
642 2021 680 2059 ne
709 2000 944 2078 pulcherrimam
972 2022 1068 2079 prope
1096 2003 1194 2061 totius

191 2084 300 2143 Galliae
323 2085 438 2159 urbem,
474 2104 541 2160 quae
571 2093 601 2144 et
629 2086 772 2162 praesidio
803 2093 833 2144 et
856 2094 1031 2146 ornamento
1056 2087 1097 2146 sit
1119 2088 1193 2148 civi-

190 2170 256 2244 tati,
280 2170 344 2228 suis
366 2170 506 2229 manibus
537 2171 722 2230 succendere
751 2180 913 2247 cogantur,
943 2171 1034 2232 facile
1068 2192 1102 2231 se
1132 2173 1194 2232 loci

190 2262 300 2314 natura
323 2254 503 2314 defensuros
526 2257 640 2332 dicunt,
666 2256 749 2332 quod
770 2277 865 2335 prope
889 2277 926 2316 ex
954 2258 1093 2317 omnibus
1122 2278 1193 2336 par-

190 2341 273 2400 tibus
295 2338 418 2400 flumine
441 2349 471 2400 et
493 2341 604 2419 palude
622 2342 809 2401 circumdata
831 2363 923 2401 unum
941 2344 1053 2402 habeat
1070 2351 1101 2402 et
1122 2363 1192 2421 per-

192 2434 354 2503 angustum
377 2427 499 2486 aditum.
545 2428 645 2486 Datur
672 2428 848 2505 petentibus
876 2429 966 2488 venia
994 2429 1193 2490 dissvadente

190 2513 286 2589 primo
309 2512 570 2589 Vercingetorige,
600 2521 671 2591 post
700 2513 886 2572 concedente
914 2520 945 2572 ct
972 2514 1117 2592 precibus
1146 2516 1194 2592 ip·

191 2616 294 2655 sorum
317 2605 347 2655 et
368 2598 577 2656 misericordia
599 2598 693 2674 vulgi.
739 2598 927 2658 Defensores
950 2599 1061 2678 oppido
1088 2599 1194 2659 idonei

193 2680 375 2757 deliguntur.

276 2766 364 2824 XVI.
409 2767 641 2843 Vercingetorix
664 2770 831 2828 minoribus
855 2769 1008 2829 Oaesarem
1029 2770 1191 2830 itineribus

191 2851 388 2926 subsequitur
411 2858 441 2910 et
463 2852 562 2910 locum
585 2854 694 2912 castris
725 2854 831 2931 deligit
859 2856 1021 2933 paludibus
1045 2856 1193 2931 silvisque
1232 2866 1234 2871 '

190 2937 338 2995 munitum
366 2939 404 2995 ab
434 2937 566 2997 Avarico
595 2939 685 3015 longe
713 2940 796 2998 milia
824 2961 971 3019 passuum
998 2941 1088 3001 XVI.
1141 2941 1194 3000 Ibi

189 3042 245 3100 per
267 3029 367 3081 certos
402 3023 608 3100 exploratores
641 3026 672 3082 in
706 3026 826 3102 singula
854 3026 914 3085 dici
935 3033 1088 3105 tempora,
1123 3047 1193 3102 quae

191 3107 230 3166 ad
251 3108 418 3167 Avaricum
441 3116 613 3184 agerentur,
638 3111 843 3186 cognoscebat
866 3118 906 3186 et,
938 3112 1012 3187 quid
1038 3110 1105 3171 fieri
1127 3112 1192 3172 vel-

189 3192 240 3267 let,
264 3193 447 3269 imperabat;
473 3214 575 3253 omnes
598 3202 721 3254 nostras
749 3197 961 3273 pabulationes
978 3197 1191 3257 frumentatio-

190 3297 305 3352 nesque
328 3279 520 3354 observabat,
557 3280 782 3365 dispersosque,
812 3302 905 3356 quum
932 3283 1054 3359 longius
1083 3301 1192 3343 neces-

192 3363 272 3422 sario
313 3363 528 3441 procederent,
569 3366 764 3426 adoriebatur
797 3387 967 3444 magnoque
1000 3368 1191 3428 incommodo
1261 3403 1264 3407 «

190 3447 352 3524 afficiebat,
376 3450 443 3524 etsi,
468 3458 614 3525 quantum
630 3453 746 3512 ratione
763 3452 917 3530 provideri
932 3461 1064 3531 poterat,
1082 3455 1120 3512 ab
1138 3474 1192 3512 no·

189 3534 262 3593 stris
292 3536 525 3612 occurrebatur,
554 3544 589 3595 ut
615 3537 739 3596 incertis
774 3539 962 3615 temporibus
997 3539 1190 3615 diversisque

188 3619 348 3679 itineribus
369 3621 473 3679 iretur.

272 3705 379 3765 XVII.
426 3705 542 3766 Castris
566 3707 604 3765 ad
632 3727 699 3765 eam
720 3717 839 3785 partem
862 3710 967 3787 oppidi
988 3710 1098 3788 positis
1123 3708 1189 3768 Oa-

189 3809 248 3865 sar,
279 3811 348 3866 quae
377 3791 552 3850 intermissa
579 3813 597 3850 a
623 3790 745 3851 flumine
776 3801 807 3852 et
830 3815 847 3852 a
877 3794 1041 3872 paludibus
1064 3795 1191 3869 aditum,

188 3881 222 3933 ut
244 3895 336 3952 supra
359 3875 500 3952 diximus,
525 3884 688 3954 angustum
705 3878 852 3954 habebat,
870 3900 1014 3958 aggerem
1031 3900 1191 3959 apparare,

189 3960 295 4019 vineas
319 3980 419 4037 agere,
453 3969 554 4021 turres
584 3961 661 4021 duas
695 3965 880 4024 constituere
903 3966 1009 4044 coepit,
1038 3986 1108 4024 nam
1131 3966 1190 4024 cir·
