2670 4456
566 240 685 296 LIBER
703 241 756 295 III.
1124 253 1165 312 47

250 435 342 497 VIII.
377 435 480 513 Hujus
504 443 551 496 est
570 435 703 495 civitatis
720 436 810 514 longe
830 437 1016 515 amplissima
1034 441 1165 499 auctori·

165 532 212 584 tas
235 523 332 582 omnis
349 541 416 599 orae
439 522 597 582 maritima
620 522 777 599 regionum
800 542 913 598 earum,
943 523 1024 599 quod
1054 532 1084 584 ot
1112 546 1164 585 na·

165 629 219 671 ves
241 609 355 668 habent
377 609 488 668 Veneti
509 608 664 686 plurimas,
688 608 799 684 quibus
821 609 852 667 in
868 609 1059 669 Britanniam
1080 613 1165 671 navi·

164 716 237 773 gare
260 702 453 768 consuerunt,
478 702 509 752 et
526 693 653 753 scientia
670 702 762 769 atque
773 713 840 752 usu
856 695 1046 755 nauticarum
1064 716 1166 756 rerum

164 782 296 856 reliquos
330 779 514 839 antecedunt
548 787 579 838 et
611 778 643 838 in
671 800 780 857 magno
808 780 923 857 impetu
953 781 1045 840 maris
1075 789 1166 859 atque

165 874 269 945 aperto
303 865 410 943 paucis
449 866 589 943 portibus
622 865 807 942 interjectis,
850 880 926 940 quos
960 874 1064 926 tenent
1096 869 1165 947 ipsi,

88 1017 91 1025 ,
166 972 270 1012 omnes
292 951 367 1028 fere,
392 951 501 1027 quiec
530 951 606 1011 mari
633 952 678 1010 uti
710 959 902 1027 consuerunt,
936 951 1050 1011 habent
1072 956 1166 1015 vecti-

163 1039 257 1116 gales.
303 1036 352 1096 Ab
375 1037 412 1097 iis
441 1036 476 1096 fit
502 1038 622 1096 initium
649 1036 800 1096 retinendi
828 1035 893 1095 Silii
917 1045 1008 1114 atque
1036 1038 1165 1117 Velanii,

164 1122 246 1200 quod
267 1143 324 1202 per
347 1143 399 1182 eos
423 1143 494 1183 suos
527 1143 561 1182 se
589 1123 721 1198 obsides,
753 1142 830 1198 qnos
860 1121 970 1182 Crasso
999 1123 1165 1199 dedissent,

164 1216 396 1288 recuperaturos
420 1210 642 1269 existimabant.
692 1209 810 1268 Horum
838 1209 1019 1270 auctoritate
1047 1210 1167 1271 finitimi

165 1295 289 1355 adducti
312 1294 358 1366 (ut
379 1302 451 1354 sunt
474 1296 631 1354 Gallorum
654 1295 756 1353 subita
786 1302 818 1353 et
839 1296 998 1372 repentina
1028 1296 1165 1371 consilia)

165 1381 271 1442 eadem
305 1381 343 1440 de
377 1401 470 1440 causa
497 1381 640 1440 Trebium
663 1380 928 1456 Terrasidiumque
961 1382 1106 1459 retinent,
1136 1391 1167 1442 et

166 1468 305 1526 celeriter
327 1467 429 1526 missis
452 1467 562 1544 legatis
584 1486 640 1545 per
662 1485 734 1525 suos
756 1467 911 1544 principes
932 1468 1012 1528 inter
1039 1487 1072 1527 se
1096 1489 1165 1529 con-

160 1554 267 1630 jurant
299 1553 374 1611 nihil
400 1553 459 1612 nisi
489 1552 639 1612 communi
673 1552 796 1611 consilio
830 1560 951 1612 acturos
975 1554 1165 1631 eundemque

165 1658 269 1698 omnes
290 1637 422 1697 fortunae
446 1639 560 1697 exitum
583 1638 651 1696 esse
680 1638 806 1708 laturos,
835 1637 1028 1714 reliquasque
1060 1640 1165 1700 civita-

164 1732 211 1784 tes
235 1724 407 1799 sollicitant,
431 1733 466 1783 ut
487 1725 519 1782 in
542 1743 578 1782 ea
599 1723 749 1797 libertate,
773 1742 864 1797 quam
887 1744 905 1782 a
927 1723 1094 1800 majoribus
1117 1747 1165 1785 ac-

165 1810 308 1889 ceperint,
331 1829 523 1887 permanere,
548 1829 637 1885 quam
658 1809 864 1867 Romanorum
891 1809 1070 1868 servitutem
1098 1832 1165 1890 per-

165 1896 245 1955 ferre
278 1895 393 1954 malint.
450 1894 539 1955 Omni
573 1915 626 1954 ora
659 1894 809 1954 maritima
836 1894 975 1954 celeriter
1005 1896 1045 1954 ad
1079 1917 1165 1956 suam
1195 1963 1196 1967 ,

165 1982 346 2041 sententiam
367 1981 516 2059 perducta
539 2001 728 2041 communem
750 1980 934 2058 legationem
956 1981 995 2040 ad
1016 1983 1051 2041 P.
1077 1983 1166 2043 Gras-

165 2088 232 2126 sum
260 2068 399 2126 mittunt:
435 2067 466 2126 Si
489 2067 564 2127 velit
598 2087 669 2126 suos
697 2067 849 2144 recipere,
879 2067 1002 2127 obsides
1033 2070 1091 2128 sibi
1119 2090 1166 2129 re-

164 2154 274 2212 mittat.

249 2239 308 2298 IX.
355 2238 473 2309 Quibus
506 2238 544 2297 de
577 2241 669 2298 rebus
700 2238 804 2297 Caesar
837 2239 874 2297 ab
907 2237 1038 2297 Crasso*
1054 2240 1165 2300 certior

164 2325 275 2400 factus,
300 2324 381 2400 quod
402 2325 469 2402 ipse
492 2325 597 2383 aberat
618 2324 753 2401 longiuS,
787 2343 883 2383 naves
909 2324 1030 2382 interim
1058 2324 1167 2401 longas

166 2409 308 2470 aedificari
342 2411 372 2468 in
395 2409 519 2469 flumine
541 2410 661 2486 Ligere,
696 2409 778 2484 quod
810 2407 909 2467 influit
941 2409 973 2467 in
1001 2408 1167 2486 Oceanum,

165 2496 298 2573 remiges
332 2516 368 2555 ex
396 2496 553 2574 provincia
581 2495 713 2570 institui,
743 2502 854 2553 nautas
888 2495 1168 2572 gubernatoresque
1247 2516 1250 2522 ·

166 2582 335 2660 comparari
353 2581 452 2658 jubet.
487 2581 545 2640 His
568 2581 660 2639 rebus
683 2580 823 2639 celeriter
845 2579 1064 2640 administratis
1087 2582 1163 2661 ipse,

166 2688 258 2744 quum
289 2668 420 2745 primum
454 2687 509 2745 per
542 2666 612 2725 anni
645 2674 765 2745 tempus
786 2666 901 2744 potuit,
936 2666 975 2725 ad
1003 2669 1168 2726 exercitum

167 2753 331 2814 contendit.
376 2753 488 2812 Veneti
510 2753 696 2828 reliquaeque
718 2753 791 2812 item
814 2753 954 2813 civitates
968 2754 1088 2831 cognito
1102 2754 1167 2813 an-

165 2842 243 2900 saris
266 2839 409 2915 adventu,
434 2839 523 2898 simul
546 2839 640 2915 quod,
671 2845 817 2914 quantum
844 2838 876 2897 in
898 2858 932 2897 se
963 2837 1083 2898 facinus
1114 2841 1166 2898 ad-

164 2927 328 3000 misissent,
352 2925 564 3002 intelligebant
587 2924 725 3002 (legatos,
750 2924 831 3000 quod
857 2944 968 2983 nomen
996 2924 1035 2982 ad
1063 2945 1166 2984 omnes

164 3012 303 3071 nationes
327 3019 465 3069 sanctum
492 3011 731 3086 inviolatumque
760 3029 881 3087 semper
913 3008 1038 3084 fuisset,
1067 3018 1166 3069 reten-

164 3105 212 3155 tos
246 3099 283 3157 ab
314 3116 347 3156 se
377 3104 407 3155 et
433 3097 465 3154 in
501 3096 623 3156 vincula
657 3094 841 3172 conjectos),
875 3115 930 3172 pro
958 3095 1167 3171 magnitudine

163 3184 290 3261 periculi
317 3183 430 3240 bellum
463 3201 572 3260 parare
607 3188 638 3240 et
666 3182 796 3240 maxime
824 3201 874 3255 ea,
908 3200 976 3256 quae
1005 3179 1044 3239 ad
1077 3201 1167 3241 usum

163 3270 287 3330 navium
308 3268 470 3345 pertinent,
493 3266 654 3346 providere
675 3268 848 3341 instituunt,
871 3266 929 3325 hoc
957 3266 1071 3343 majore
1102 3288 1166 3347 spe,

164 3355 245 3430 quod
266 3354 395 3413 multum
422 3361 532 3413 natura
564 3353 624 3412 loci
657 3352 857 3420 confidebant.
914 3351 1074 3412 Pedestria
1097 3374 1166 3414 esse
1279 3354 1286 3369 '

163 3441 272 3499 itinera
295 3440 417 3498 concisa
439 3440 600 3514 aestuariis,
623 3439 848 3516 navigationem
869 3438 1046 3517 impeditam
1075 3461 1165 3519 prop·

163 3533 210 3584 ter
231 3525 422 3585 inscientiam
433 3526 567 3585 locorum
583 3525 829 3602 paucitatemque
851 3531 994 3602 portuum
1017 3525 1164 3601 sciebant,

163 3631 262 3686 neque
288 3616 412 3670 'nostros
440 3611 590 3670 exercitus
618 3618 743 3688 propter
770 3609 913 3670 frumenti
940 3610 1072 3687 inopiam
1101 3610 1165 3668 diu·

162 3697 223 3756 tius
246 3697 328 3774 apud
350 3716 383 3755 se
405 3697 516 3755 morari
537 3715 630 3773 posse
652 3694 859 3771 confidebant;
895 3716 930 3754 ac
954 3695 1019 3771 jam
1046 3702 1081 3754 ut
1104 3716 1165 3754 om-

161 3783 212 3841 nia
245 3790 350 3840 contra
384 3782 555 3859 opinionem
588 3781 775 3857 acciderent,
804 3788 906 3840 tamen
935 3800 968 3839 se
1001 3780 1166 3857 plurimum

162 3869 293 3928 navibus
314 3887 424 3945 posse,
448 3868 602 3927 Romanos
624 3886 723 3943 neque
745 3867 840 3925 ullam
861 3864 1041 3924 facultatem
1053 3860 1170 3928 habere

163 3954 287 4013 navium
308 3974 408 4029 neque
431 3974 535 4013 eorum
552 3953 696 4028 locorum,
714 3953 767 4011 ubi
783 3952 897 4011 bellum
914 3952 1031 4028 gesturi
1052 3961 1164 4029 essent,
