2670 4456
575 198 696 253 LIBER
713 198 767 253 Π.·
1118 207 1157 264 41

162 396 233 455 dum
256 395 377 472 egregie
399 402 509 452 natura
530 394 678 452 munitum
701 392 902 451 contulerunt.
955 392 1043 464 Quod
1073 414 1166 468 quum

163 502 200 541 ex
222 481 360 541 omnibus
382 480 413 538 in
436 478 564 538 oirouitu
582 479 721 556 partibus
744 478 909 537 altissimas
926 497 1020 557 rupes
1038 478 1164 557 despec-

162 574 273 643 tusque
293 567 430 639 haberet,
453 586 515 623 una
537 585 575 623 ex
597 572 684 642 parte
707 564 815 623 leniter
838 565 963 623 acclivis
992 564 1104 639 aditus,
1134 565 1165 624 in

162 653 352 714 latitudinem
386 671 446 710 non
474 651 602 728 amplius
630 650 829 709 ducentorum
861 649 988 727 pedum,
1016 651 1166 727 relinque·

163 741 261 813 batur,
295 758 385 814 quem
417 738 517 796 locum
545 736 658 815 duplici
691 736 838 794 altissimo
872 756 957 794 muro
986 737 1165 814 munierant,

164 834 228 884 tum
249 823 352 899 magni
373 823 516 902 ponderis
540 842 614 881 saxa
643 830 674 881 et
695 828 867 899 praeacutas
889 822 993 881 trabes
1022 823 1053 880 in
1081 844 1166 884 muro

164 911 354 971 collocarent.
400 909 466 986 Ipsi
500 917 586 967 erant
620 928 656 966 ex
691 907 819 966 Cimbris
853 906 1061 982 Teutonisque
1096 931 1166 987 pro-

165 997 258 1075 gnati,
283 995 335 1071 qui
356 1015 449 1070 quum
471 994 529 1052 iter
551 995 582 1052 in
611 994 798 1072 provinciam
825 1000 961 1051 nostram
989 1000 1080 1068 atque
1103 996 1166 1054 Ita-

165 1084 236 1142 liam
264 1080 409 1155 faoerent,
439 1079 476 1140 iis
505 1079 745 1156 impedimentis,
781 1098 849 1155 quae
878 1097 981 1137 secum
1009 1099 1100 1156 agere
1131 1101 1167 1140 ac

165 1176 287 1247 portare
319 1186 380 1225 non
406 1173 556 1244 poterant,
592 1166 668 1224 citra
700 1164 812 1223 flumen
834 1164 975 1223 Rhenum
1009 1164 1166 1243 depositis,

167 1253 312 1314 custodiae
337 1272 373 1311 ex
396 1253 460 1311 suis
484 1271 519 1311 ac
546 1251 689 1329 praesidio
720 1270 773 1309 sex
803 1251 1079 1315 miliahomimurn
1107 1273 1168 1312 una

166 1340 361 1416 reliquerunt.
417 1338 459 1396 Hi
491 1345 562 1415 post
595 1357 698 1395 eorum
732 1338 846 1396 obitinn
879 1337 991 1396 multos
1025 1357 1120 1397 annos
1150 1360 1168 1397 a

166 1425 300 1484 finitimis
335 1424 489 1500 exagitati,
520 1444 611 1498 quum
645 1423 720 1481 alias
759 1423 873 1481 bellum
904 1422 1061 1494 inferrent,
1093 1424 1168 1483 alias

167 1513 283 1570 illatum
306 1510 512 1584 defenderent,
537 1528 686 1568 consensu
709 1529 812 1566 eorum
835 1509 965 1566 omnium
982 1506 1063 1586 pace
1086 1509 1169 1569 facta

167 1598 246 1656 hunc
269 1596 327 1655 sibi
350 1596 499 1655 domicilio
522 1594 622 1653 locum
646 1594 833 1671 delegerunt.

251 1681 358 1741 XXX.
402 1681 449 1740 Ac
471 1680 567 1758 primo
591 1679 724 1740 adventu
748 1679 898 1738 exercitus
921 1679 1018 1738 nostri
1042 1680 1168 1740 crebras

169 1789 205 1827 ex
244 1767 355 1846 oppido
395 1767 589 1825 excursiones
630 1764 783 1824 faciebant
814 1765 1011 1843 parvulisque
1051 1766 1168 1843 proeliis

169 1875 238 1913 cum
259 1854 372 1913 nostris
396 1852 633 1925 contendebant3
657 1859 765 1929 postea
787 1851 867 1911 vallo
890 1850 1002 1928 pedum
1030 1852 1108 1928 XII,
1137 1854 1169 1911 in

170 1940 296 1999 circuitu
325 1939 387 1997 XV
420 1939 535 1997 milium
569 1938 744 2013 crebrisque
779 1937 913 1996 castellis
947 1938 1169 2013 circummuniti

170 2025 279 2104 oppido
304 2045 372 2084 sese
396 2024 599 2083 continebant.
645 2024 707 2082 Ubi
728 2024 826 2082 vineis
857 2023 948 2097 actis,
978 2044 1089 2100 aggere
1118 2043 1168 2082 ex·
1253 2078 1256 2085 .

168 2118 268 2171 tructo
291 2110 398 2169 turrim
419 2110 526 2188 procul
549 2109 692 2169 constitui
714 2109 866 2182 viderunt,
889 2109 1020 2186 primum
1042 2108 1168 2169 irridere

170 2217 207 2256 ex
229 2217 314 2255 muro
338 2204 429 2272 atque
451 2196 633 2273 increpitare
655 2195 792 2269 vocibus,
816 2194 897 2269 quod
920 2195 1169 2253 tantamaohina-

170 2284 211 2341 tio
240 2284 277 2342 ab
313 2290 397 2341 tanto
428 2282 526 2359 spatio
555 2281 773 2339 instrueretur:
806 2280 987 2355 quibusnam
1017 2280 1169 2356 manibus,

171 2376 223 2427 aut
246 2368 357 2444 quibus
378 2367 505 2441 uiribus,
528 2366 699 2444 praesertim
727 2365 863 2424 homines
891 2365 1017 2424 tantulae
1046 2373 1172 2424 staturae

172 2453 253 2524 (uam
274 2454 452 2531 plerumque
474 2452 647 2511 hominibus
671 2451 767 2510 Gallis
790 2470 853 2528 prae
876 2450 1084 2527 magnitudine
1106 2471 1172 2510 cor-

171 2560 279 2617 porum
312 2559 434 2598 suorum
473 2539 609 2597 brevitas
647 2544 752 2595 nostra
785 2536 971 2613 contemptui
1005 2536 1063 2608 est)
1096 2539 1173 2596 tanti

173 2626 272 2684 oneris
294 2626 401 2683 turrim
424 2626 455 2683 in
477 2644 579 2683 muros
602 2643 670 2683 sese
693 2623 841 2682 collocare
864 2621 1058 2682 confiderent.

256 2711 381 2769 XXXI.
426 2711 487 2769 Ubi
509 2730 582 2770 vero
605 2710 720 2769 moveri
743 2717 774 2767 et
802 2709 1045 2786 appropinquare
1068 2710 1173 2768 moeni-

173 2798 230 2856 bus
253 2797 404 2871 viderunt,
428 2817 508 2857 nova
531 2804 621 2871 atque
642 2795 788 2854 inusitata
811 2794 911 2873 specie
928 2795 1069 2853 commoti
1090 2796 1173 2871 lega-

172 2890 220 2942 tos
243 2882 282 2941 ad
306 2882 457 2941 Oaesarom
480 2882 518 2940 de
540 2902 615 2959 pace
638 2881 794 2953 miserunt,
819 2881 870 2955 qui
893 2880 932 2937 ad
953 2880 1033 2937 hunc
1050 2879 1173 2938 modum

124 3006 127 3011 >
173 2967 281 3027 locuti:
305 2968 375 3027 Non
404 2967 586 3041 existimare,
614 2967 769 3026 Romanos
797 2966 861 3023 sine
890 2985 946 3042 ope
980 2964 1083 3024 divina
1109 2966 1174 3024 bel-

172 3054 234 3112 lum
263 3073 379 3129 gerere,
408 3054 460 3129 qui
493 3060 585 3111 tantae
615 3052 785 3112 altitudinis
815 3050 1053 3109 machinationes
1087 3058 1174 3109 tanta

174 3140 330 3198 celeritate
362 3159 542 3217 promovere
574 3146 717 3215 possent,
753 3157 786 3196 se
810 3156 925 3210 suaque
948 3137 1047 3195 omnia
1070 3156 1173 3196 eorum

174 3226 319 3302 potestati
341 3225 517 3302 permittere
540 3224 690 3283 dixerunt.
740 3223 842 3282 Unum
870 3229 975 3300 petere
1004 3242 1039 3281 ao
1067 3222 1174 3300 depre-

175 3312 250 3370 cari:
276 3311 303 3368 si
324 3309 403 3370 forte
425 3331 480 3388 pro
504 3330 560 3369 sua
582 3309 742 3368 clementia
764 3328 799 3367 ao
822 3308 1063 3382 mansuetudine,
1084 3328 1175 3383 quam

174 3397 234 3474 ipsi
256 3398 293 3455 ab
318 3396 384 3454 aliis
420 3397 568 3469 audirent,
603 3395 761 3455 statuisset
800 3392 979 3452 Aduatucos
1008 3414 1076 3453 osse
1104 3414 1174 3452 oon-

177 3481 354 3555 servandos,
388 3502 426 3540 ne
455 3502 488 3540 se
519 3482 611 3540 armis
642 3480 840 3558 despoliaret;
877 3479 936 3538 sibi
975 3499 1079 3537 onmes
1108 3478 1174 3538 fere

175 3567 318 3627 finitimos
341 3586 409 3627 esse
432 3568 569 3626 inimicos
593 3587 627 3624 ao
650 3586 714 3624 suae
737 3565 842 3625 virtuti
864 3564 1009 3638 invidere,
1029 3585 1047 3622 a
1065 3564 1175 3638 quibus

176 3673 210 3712 se
233 3652 397 3712 defendere
420 3653 540 3712 traditis
563 3653 654 3711 armis
676 3672 736 3710 non
759 3658 893 3729 possent.
929 3649 993 3708 Sibi
1016 3657 1173 3726 praestare,

176 3739 203 3798 si
235 3739 266 3797 in
299 3759 367 3797 eum
402 3759 506 3798 casum
539 3738 770 3811 deducerentur,
805 3736 943 3812 quamvis
976 3734 1130 3793 fortunam
1158 3757 1176 3794 a

176 3825 289 3901 populo
312 3824 450 3884 Romano
473 3825 546 3902 pati,
570 3845 661 3899 quam
684 3825 720 3882 ab
743 3823 781 3881 iis
810 3841 865 3900 per
894 3820 1061 3879 cruoiatum
1082 3822 1175 3881 inter·

176 3907 235 3984 fici,
258 3910 337 3968 inter
360 3930 436 3985 quos
459 3910 606 3968 dominari
629 3922 836 3967 consuessent.
