2670 4456
555 262 676 318 LIBER
694 264 776 320 VIII.
1109 274 1170 334 163

167 459 199 518 in
227 459 294 537 ipso
322 458 404 519 vallo
438 457 604 519 collocatus
639 465 737 534 esset,
771 466 864 537 ponte
893 461 930 519 ab
958 460 1165 522 incidentibus

165 545 235 604 telis
258 552 420 622 tegeretur.
455 544 557 604 Portis
579 544 663 604 fores
687 544 873 621 altioresque
895 552 995 605 turres
1012 547 1165 626 imposuit.

249 630 291 689 X.
336 629 438 707 Hujus
459 630 634 690 munitionis
657 630 772 709 duplex
795 637 861 690 erat
873 631 1040 692 consillum.
1075 633 1168 693 Nam-

165 736 224 795 que
247 723 278 776 et
299 736 425 795 operum
447 716 687 794 magnitudinem
715 722 747 775 et
776 717 916 776 timorem
944 737 1034 779 suum
1064 738 1168 797 spera-

163 803 218 862 bat
240 801 382 862 fiduciam
415 802 554 861 barbaris
588 802 760 879 allaturum,
796 808 835 877 et,
869 822 963 878 quum
990 806 1169 882 pabulatum

165 888 443 964 frumentatumque
476 888 597 965 longius
636 895 720 948 esset
743 953 745 957 ,
757 887 1029 966 proficiscendum,
1063 893 1168 969 parvis

165 975 260 1052 copiis
294 981 396 1033 castra
436 974 603 1033 munitione
643 974 711 1052 ipsa
752 973 877 1051 videbat
908 994 1001 1053 posse
1035 976 1168 1037 defendi.

163 1060 291 1119 Interim
314 1061 420 1119 crebro
442 1060 550 1137 paucis
571 1059 714 1136 utrinque
735 1061 985 1138 procurrentibus
1002 1061 1082 1122 inter
1097 1063 1169 1122 bina

165 1152 267 1205 castra
298 1145 410 1224 palude
446 1145 609 1223 interjecta
642 1145 898 1222 contendebatur,
938 1166 1030 1222 quam
1068 1155 1169 1209 tamen

163 1231 305 1310 paludem
327 1252 542 1307 nonnunquam
565 1239 618 1291 aut
644 1239 751 1292 nostra
778 1232 889 1291 auxilia
912 1231 1070 1293 Gallorum
1093 1234 1168 1294 Ger-

162 1337 378 1394 manorumque
403 1319 578 1378 transibant
603 1318 766 1394 acriusque
788 1319 894 1378 hostes
917 1318 1166 1396 insequebantur,

163 1411 215 1462 aut
247 1404 383 1463 vicissim
416 1404 521 1464 hostes
553 1403 659 1463 eadem
687 1405 873 1482 transgressi
901 1412 1025 1465 nostros
1047 1405 1168 1484 longius

163 1490 404 1549 summovebant.
445 1489 617 1549 Accidebat
644 1496 746 1549 autem
774 1489 959 1566 quotidianis
994 1492 1165 1569 pabulatio-

163 1576 264 1651 nibus,
288 1575 319 1634 id
341 1575 422 1651 quod
452 1575 591 1635 accidere
619 1582 685 1635 erat
712 1595 855 1651 necesse,
886 1596 978 1651 quum
1006 1579 1084 1638 raris
1107 1578 1168 1637 dis-

158 1661 312 1738 jectisque
335 1681 372 1720 ex
395 1660 531 1721 aedificiis
560 1661 706 1740 pabulum
734 1661 977 1738 conquireretur,
1012 1670 1047 1722 ut
1074 1664 1168 1742 impe-

163 1747 235 1806 ditis
268 1747 344 1807 locis
374 1747 505 1825 dispersi
537 1748 734 1826 pabulatores
764 1747 1069 1824 circumvenirentin3
1099 1769 1168 1825 quae

162 1852 213 1892 res
236 1834 294 1892 etsi
316 1833 469 1893 mediocre
492 1834 706 1893 detrimentum
720 1832 928 1909 jumentorum
951 1854 987 1892 ac
1010 1854 1168 1896 servorum

162 1919 276 1978 nostris
310 1917 475 1994 afferebat,
509 1927 612 1979 tamen
639 1919 750 1980 stultas
785 1919 985 1996 cogitationes
1021 1920 1170 1981 incitabat

162 2005 369 2080 barbarorum,
394 2012 485 2080 atque
508 2025 543 2065 eo
565 2007 674 2084 magis,
698 2005 780 2081 quod
800 2004 962 2082 Commius,
986 2026 1077 2082 quem
1097 2028 1167 2085 pro·

161 2089 277 2149 fectum
300 2091 339 2149 ad
368 2091 480 2151 auxilia
503 2091 724 2152 Germanorum
754 2092 938 2151 arcessenda
966 2092 1071 2168 docui,
1100 2113 1169 2152 cum

64 2190 67 2197 “
162 2176 314 2251 equitibus
347 2185 488 2251 venerat;
529 2180 581 2254 qui
618 2179 740 2238 tametsi
773 2198 898 2237 numero
937 2197 998 2237 non
1038 2178 1167 2256 amplius

162 2269 249 2321 erant
279 2263 454 2340 quingenti,
488 2271 590 2324 tamen
625 2264 846 2323 Germanorum
879 2263 1013 2322 adventu
1044 2264 1168 2322 barbari

162 2346 355 2407 inflabantur.

247 2433 306 2492 XI.
354 2433 458 2494 Oaesar
481 2455 573 2510 quum
601 2434 859 2495 animadverteret
887 2433 1006 2493 hostem
1034 2434 1167 2513 complu-

162 2538 212 2578 res
247 2519 313 2578 dies
347 2521 456 2579 castris
489 2521 601 2599 palude
635 2529 667 2579 et
695 2520 755 2579 loci
782 2525 893 2579 natura
920 2519 1046 2579 munitis
1068 2540 1103 2581 se
1124 2528 1168 2581 te·

162 2625 235 2665 nere
267 2625 367 2681 neque
401 2607 572 2684 oppugnari
605 2614 707 2665 castra
741 2625 847 2665 eorum
881 2606 947 2664 sine
976 2605 1168 2667 dimicatione

163 2691 336 2769 perniciosa
368 2711 426 2751 neo
460 2693 561 2752 locum
593 2692 813 2751 munitionibus
849 2691 950 2750 claudi
978 2691 1038 2751 nisi
1066 2714 1167 2752 ama·

159 2776 228 2853 jore
261 2778 398 2837 exercitu
432 2797 534 2856 posse,
574 2779 693 2838 litteras
722 2778 762 2838 ad
791 2777 977 2837 Trebonium
998 2778 1100 2854 mittit,
1123 2786 1167 2856 ut,

162 2882 254 2938 quam
276 2864 432 2924 celerrime
460 2872 582 2943 posset,
610 2865 762 2942 legionem
789 2864 897 2939 XIII,
931 2884 999 2940 quae
1034 2884 1103 2923 cum
1133 2866 1167 2924 Τ.

164 2947 268 3008 Sextio
290 2950 392 3026 legato
414 2951 447 3009 in
468 2950 661 3028 Biturigibus
682 2951 845 3026 hiemabat,
875 2957 1046 3009 arcesseret
1075 2957 1167 3026 atque

161 3034 205 3092 ita
228 3055 296 3093 curn
317 3036 372 3094 ΙΠ
393 3037 565 3114 legionibus
587 3037 707 3113 magnis
729 3036 888 3096 itineribus
912 3035 950 3094 ad
979 3055 1013 3094 se
1035 3036 1167 3111 veniret;

162 3120 230 3198 ipse
253 3122 371 3196 equites
398 3122 431 3180 in
459 3122 558 3183 vicem
578 3122 744 3181 Remorum
773 3142 808 3180 ao
835 3121 1008 3198 Lingonum
1037 3121 1167 3198 reliqua-

163 3225 291 3282 rumque
315 3207 483 3284 civitatum,
508 3228 634 3285 quorum
663 3228 807 3285 magnum
834 3227 992 3266 numerum
1021 3227 1167 3270 evocave-

161 3298 219 3368 rat,
242 3293 387 3370 praesidio
409 3294 657 3372 pabulationibus
678 3293 781 3369 mittit,
814 3293 865 3369 qui
893 3294 1012 3353 subitas
1034 3294 1168 3354 hostium

162 3378 350 3438 incursiones
374 3381 570 3461 sustinerent.
1192 3440 1195 3445 .

247 3463 324 3523 XII.
373 3465 461 3536 Quod
484 3486 577 3541 quum
595 3465 730 3541 quotidie
752 3463 839 3524 fieret
862 3485 897 3523 ac
916 3463 981 3542 jam
1004 3472 1165 3525 consuetu·

164 3549 236 3608 dine
281 3549 440 3627 diligentia
477 3552 664 3611 minueretur
703 3550 797 3626 (quod
836 3551 1014 3629 plerumque
1054 3550 1166 3609 accidit

161 3635 382 3712 diuturnitate),
411 3636 569 3699 Bellovaci
597 3637 716 3696 delecta
744 3657 835 3696 manu
862 3636 1008 3714 peditum,
1033 3636 1162 3712 cognitis

162 3721 344 3803 stationibus
386 3722 570 3798 quotidianis
609 3724 746 3799 equitum
785 3729 975 3797 nostrorum,
1016 3721 1163 3782 silvestri-

161 3808 220 3865 bus
258 3808 335 3867 locis
374 3808 501 3868 insidias
542 3808 707 3886 disponunt
746 3808 912 3883 eodemque
954 3807 1072 3883 equites
1111 3827 1164 3885 po-

163 3899 245 3952 stero
267 3894 315 3954 die
338 3894 470 3969 mittimt,
496 3894 547 3970 qui
568 3895 698 3973 primum
721 3894 866 3954 elicerent
887 3900 1025 3969 nostros,
1055 3892 1165 3953 deinde

960 3988 1011 4043 11*
