2670 4456
564 239 684 294 amaa
702 241 724 295 Ι,
1007 199 1011 206 ’
1122 251 1160 309 17

130 436 270 496 Rhenum
298 435 428 494 transire
457 442 488 495 et
515 435 546 494 in
571 435 700 495 Galliam
728 456 868 512 magnam
897 456 1000 495 eorum
1026 437 1160 496 multitu-

132 523 231 581 dinem
261 521 365 581 venire
394 521 507 599 populo
537 521 674 581 Romano
703 518 906 600 periculosum
936 523 1074 598 videbat;
1108 544 1160 584 ne-

132 628 190 684 que
223 607 282 666 sibi
315 607 451 666 homines
486 605 570 667 feros
605 628 640 666 ac
669 609 817 667 barbaros
846 615 1069 687 temperaturos
1099 612 1160 669 exi·

132 695 290 768 stimahat,
322 693 408 769 quin,
440 713 533 769 quum
556 703 673 752 omnem
698 694 827 753 Galliam
850 694 1097 772 occupavissent,
1126 703 1161 755 ut

133 788 201 839 ante
225 778 339 838 Cimbri
361 780 551 855 Teutonique
579 778 741 855 fecissent,
770 780 802 838 in
828 781 1017 859 provinciam
1044 780 1162 844 exirent

133 874 223 942 atque
262 864 333 924 inde
370 866 402 924 in
435 865 558 925 Italiam
592 866 827 941 contenderent,
866 867 1035 945 praesertim
1069 888 1161 943 quum

132 953 288 1028 Sequanos
323 973 341 1010 a
373 953 531 1029 provincia
564 960 669 1011 nostra
698 952 866 1011 Rhodanus
895 952 1059 1029 divideret;
1095 955 1160 1030 qui-

130 1039 188 1097 bus
216 1039 308 1097 rebus
338 1058 427 1113 quam
455 1038 631 1097 maturrime
660 1038 878 1097 occurrendum
904 1039 1041 1115 putabat.
1087 1040 1160 1117 Ipse

131 1130 232 1183 antem
261 1123 436 1184 Ariovistus
470 1130 573 1182 tantos
607 1124 666 1183 sihi
697 1124 836 1202 spiritus,
871 1131 987 1183 tantam
1016 1145 1159 1202 arrogen-

130 1211 407 1287 tiam‚,„sumpserat,
431 1217 465 1269 ut
487 1209 631 1268 ferendus
653 1230 714 1268 non
736 1210 899 1269 videretur.

216 1295 370 1355 XXXIV.
417 1295 619 1367 Quamobrem
645 1296 761 1374 placuit
784 1297 825 1371 ei,
854 1304 888 1354 ut
911 1296 949 1354 ad
970 1296 1166 1357 Ariovistum.

130 1382 248 1458 legatos
276 1381 425 1456 mitteret,
461 1382 513 1457 qui
536 1383 574 1440 ab
598 1392 632 1440 eo
655 1382 860 1460 postularent,
895 1382 940 1441 uti
964 1382 1094 1458 aliquem
1116 1383 1159 1442 lo-

131 1487 198 1526 curn
231 1467 362 1526 medium
395 1469 553 1542 utriusque
588 1468 736 1543 colloquio
772 1468 932 1545 deligeret:
978 1469 1058 1528 velle
1091 1488 1160 1528 sese
1186 1532 1188 1536 ,

131 1553 169 1612 de
196 1573 230 1612 re
257 1554 380 1632 publica
409 1560 440 1612 et
467 1553 591 1612 summis
614 1554 771 1629 utriusque
793 1556 885 1613 rebus
909 1575 977 1612 cum
1000 1575 1034 1614 eo
1058 1576 1158 1632 agere.

130 1639 169 1697 Ei
195 1639 341 1716 legationi
368 1639 543 1699 Ariovistus
572 1639 743 1716 respondit:
790 1639 822 1698 Si
852 1639 925 1715 quid
955 1640 1015 1716 ipsi
1044 1661 1061 1699 a
1093 1641 1158 1699 an-

131 1745 198 1784 sare
238 1745 314 1803 opus
354 1733 450 1800 esset,
496 1744 564 1784 sese
604 1725 642 1783 ad
682 1744 750 1783 eum
783 1732 943 1785 venturum
975 1725 1086 1800 fuisse3
1132 1728 1159 1785 si

132 1811 204 1887 quid
231 1811 283 1870 ille
313 1831 347 1870 se
377 1811 465 1886 velit,
501 1810 585 1869 illum
615 1811 654 1869 ad
683 1831 716 1869 se
746 1812 850 1870 venire
881 1817 1030 1889 oportere.
1075 1813 1157 1870 Prae-

130 1904 214 1956 terea
257 1917 291 1956 se
334 1917 432 1973 neque
473 1898 537 1955 sine
577 1897 713 1956 exercitu
750 1896 782 1954 in
821 1917 873 1956 eas
911 1905 1015 1974 partes
1050 1898 1158 1957 Galliae

130 1983 234 2043 venire
274 1982 401 2058 audere,
447 2002 523 2059 quas
565 1981 669 2042 Oaesar
707 1983 893 2061 possideret,
937 2003 1036 2059 neque
1075 2004 1159 2043 exer·

131 2069 223 2127 citum
253 2070 319 2127 sine
347 2089 456 2146 magno
488 2076 657 2129 commeatu
686 2077 777 2144 atque
807 2070 979 2128 molimento
1007 2069 1039 2137 in
1066 2074 1181 2129 unum'
1263 2092 1266 2099 “

130 2155 228 2213 locum
258 2155 437 2214 contrahere
464 2175 571 2233 posse;
608 2156 667 2214 sibi
690 2163 790 2213 autem
812 2156 920 2214 mirum
942 2154 1054 2230 videri,
1086 2156 1159 2232 quid

130 2241 161 2299 in
190 2260 245 2299 sua
269 2240 383 2315 Gallia,
416 2261 505 2316 quam
532 2241 612 2300 bello
636 2241 778 2316 vicisset,
809 2249 861 2299 aut
885 2240 999 2299 Oaesari
1022 2249 1075 2300 aut
1097 2263 1158 2300 orn-

130 2327 200 2385 nino
223 2327 334 2405 populo
357 2327 495 2385 Romano
517 2327 632 2404 negotii
655 2334 745 2386 esset.

214 2412 349 2472 XXXV.
395 2413 453 2471 His
483 2413 639 2490 responsis
668 2412 707 2470 ad
739 2412 891 2470 Caesarem
918 2410 1021 2471 relatis
1049 2411 1158 2470 iterum

131 2499 170 2557 ad
191 2504 266 2558 'eum
296 2497 399 2557 Caesar
428 2499 547 2574 legatos
577 2518 645 2556 oum
671 2498 719 2556 his
747 2497 898 2556 mandatis
925 2497 1030 2556 mittit:
1078 2497 1157 2569 Quo·

130 2585 210 2643 niam
248 2591 332 2643 tanto
373 2604 426 2643 suo
466 2584 630 2662 populique
663 2584 794 2642 Romani
831 2581 978 2642 beneficio
1017 2582 1156 2658 affectus,

131 2690 222 2746 quum
261 2671 293 2729 in
332 2670 491 2729 consulatu
531 2689 585 2729 suo
624 2690 679 2728 rex
718 2675 809 2745 atque
848 2669 962 2728 amicus
999 2690 1017 2728 a
1050 2677 1158 2729 senatu

131 2757 301 2834 appellatus
341 2764 438 2831 esset,
483 2757 561 2815 hanc
606 2756 665 2815 sibi
703 2755 875 2833 populoque
913 2755 1050 2814 Romano
1088 2777 1157 2832 gra-

130 2843 203 2900 tiam
235 2841 379 2918 referret,
424 2849 458 2900 nt
490 2843 521 2901 in
556 2842 739 2918 colloquium
771 2841 875 2901 venire
908 2842 1054 2901 invitatus
1088 2863 1157 2918 gra-

128 2935 252 2988 varetur
284 2948 383 3003 noque
417 2928 454 2986 de
489 2929 637 2987 communi
670 2948 703 2986 re
737 2927 898 2986 dicendum
931 2927 989 2985 sibi
1023 2933 1054 2985 et
1087 2947 1156 3003 cog-

129 3013 316 3073 noscendum
349 3021 486 3092 putaret,
520 3014 587 3073 haec
621 3033 705 3088 esse,
740 3034 807 3089 quae
837 3014 874 3071 ab
906 3032 940 3071 eo
971 3012 1154 3088 postularet:

128 3100 272 3177 primum,
328 3119 366 3158 ne
416 3121 506 3176 qnam
554 3098 778 3159 multitudinem
826 3098 978 3157 hominum
1028 3096 1185 3175 amplius

129 3192 214 3245 trans
246 3186 387 3245 Rhenum
419 3187 450 3244 in
486 3186 616 3244 Galliam
649 3185 838 3259 traduceret,
881 3183 989 3242 deinde
1023 3183 1156 3260 obsides,

130 3290 205 3346 quos
243 3270 371 3331 haberet
409 3273 446 3330 ab
481 3271 624 3346 Haeduis,
670 3271 812 3331 redderet
846 3269 1055 3345 Sequanisque
1088 3290 1156 3348 per-

129 3358 277 3429 mitteret,
316 3364 365 3432 ut,
406 3377 482 3434 quos
515 3357 559 3415 illi
593 3358 756 3431 haherent,
797 3357 954 3417 voluntate
988 3356 1054 3433 ejus
1087 3357 1155 3415 red-

130 3442 200 3502 dere
244 3442 304 3502 illis
349 3443 470 3519 liceret,
523 3464 600 3503 neve
644 3443 781 3502 Haeduos
825 3442 937 3519 injuria
980 3443 1154 3516 lacesseret,

129 3548 206 3588 neve
244 3529 292 3588 his
332 3529 463 3590 sociisve
498 3550 601 3588 eorum
633 3529 747 3589 bellum
778 3528 914 3587 inferret.
982 3527 1014 3586 si
1047 3528 1080 3586 id
1112 3529 1156 3586 ita

128 3613 268 3690 fecisset,
313 3615 373 3674 sihi
416 3616 589 3694 populoque
627 3615 764 3674 Romano
808 3620 987 3693 perpetuam
1026 3614 1156 3690 gratiam

128 3706 218 3776 atque
252 3701 417 3760 amicitiam
449 3722 517 3760 cum
550 3721 584 3760 eo
618 3700 764 3774 futuram3
811 3701 838 3759 si
875 3720 936 3758 non
968 3701 1153 3776 impetraret,

129 3804 211 3862 sese,
264 3787 405 3863 quoniam
448 3787 490 3844 M.
536 3787 685 3862 Messala,
735 3787 777 3844 M.
823 3786 934 3844 Pisone
979 3784 1154 3844 consulibus

128 3880 251 3932 senatus
297 3873 481 3947 censuisset,
532 3874 592 3948 uti,
644 3872 813 3948 quicunque
859 3871 989 3930 Galliam
1033 3871 1154 3949 provin-

59 4019 62 4025 ,
128 3957 204 4016 ciam
248 3959 412 4033 obtineret,
466 3958 546 4034 quod
591 3959 746 4018 commodo
790 3957 835 4016 rei
877 3957 1009 4034 publicae
1054 3956 1155 4016 facere
