2670 4456
164 235 224 292 154
464 228 517 280 Da
536 227 662 282 BELLO
681 227 851 283 GALLIOO

162 444 285 483 suorum
314 423 430 482 animos
459 422 686 482 confirmabant.
732 423 821 495 Quod
846 425 878 482 in
907 430 1073 500 conspectu
1103 441 1167 480 om·
1272 438 1275 443 ·

161 511 244 569 nium
266 530 315 568 res
338 509 501 585 gerebatur
523 529 621 584 neque
644 516 726 569 recte
749 518 802 569 aut
823 510 954 587 turpiter
976 507 1092 567 iactum
1116 527 1166 567 ce-

161 597 219 655 lari
240 603 370 674 poterat,
393 601 538 670 utrosque
562 603 593 653 ct
614 595 713 655 laudis
733 596 885 673 cupiditas
903 602 934 654 et
961 595 1051 653 timor
1078 594 1167 672 igno-

162 682 262 740 miniae
296 681 336 740 ad
368 681 512 740 virtutem
546 681 706 740 cxcitabat.
754 682 853 753 Quum
881 680 1046 740 ameridie
1069 699 1167 758 prope

163 767 201 827 sd
234 767 306 825 solis
341 785 483 825 occasum
516 766 608 825 dubia
634 767 762 827 victoria
791 775 988 845 pugnaretur,
1021 766 1168 826 Germani

163 874 223 912 una
244 853 276 911 in
297 861 385 930 parte
414 851 560 911 confertis
588 853 697 912 turmis
726 853 757 912 in
784 854 889 912 hostes
917 853 1062 930 impetum
1084 852 1168 911 fece-

162 948 234 998 runt
256 959 368 1014 eosque
390 939 603 1016 propulerunt,
638 940 748 1014 quibus
770 940 801 998 in
819 938 924 1016 fugam
947 937 1093 1014 conjectis
1118 957 1168 996 sa-

163 1025 279 1102 gittarii
303 1025 501 1084 circumventi
528 1024 741 1101 interfectique
770 1033 849 1084 sunt.
884 1026 964 1084 Item
982 1045 1019 1083 ex
1037 1023 1167 1099 reliquis

163 1111 302 1189 partibus
324 1111 430 1185 nostri,
455 1110 598 1169 cedentes
627 1131 724 1186 usque
753 1112 791 1169 ad
821 1120 923 1170 castra
950 1110 1089 1185 insecuti,
1120 1110 1168 1168 sui

165 1196 327 1274 colligendi
349 1195 527 1255 facultatem
548 1216 609 1255 non
631 1196 788 1256 dederunt.
839 1197 882 1255 At
903 1197 933 1272 ii,
958 1197 1010 1272 qui
1032 1196 1070 1254 ab
1094 1195 1176 1264 Ale<

165 1284 210 1341 sia
231 1290 454 1360 processerant,
478 1283 577 1341 maesti
604 1302 699 1360 prope
728 1283 857 1343 victoria
887 1283 1050 1360 desperata
1079 1282 1170 1340 sein

61 1416 66 1425 .
165 1369 310 1446 oppidum
331 1375 521 1445 receperunt.

250 1454 402 1512 LXXXI.
437 1453 506 1512 Uno
530 1452 578 1512 die
601 1453 772 1512 intermisso
786 1453 876 1528 Galli,
900 1461 991 1529 atque
1013 1453 1071 1512 hoc
1094 1472 1166 1531 spa·

165 1541 208 1598 tio
231 1560 341 1617 magno
365 1540 501 1614 cratium,
526 1540 686 1614 scalarum,
720 1541 929 1618 harpagonum
961 1559 1085 1599 numero
1122 1538 1167 1597 ef-

164 1623 255 1700 fecto,
279 1625 378 1685 media
400 1632 490 1684 nocte
513 1626 632 1684 silentio
661 1646 697 1684 ex
726 1626 835 1684 castris
871 1627 987 1702 egressi
1022 1625 1062 1684 ad
1084 1645 1166 1684 cam-

165 1720 288 1788 pestres
316 1711 498 1770 munitiones
522 1711 679 1770 accedunt.
726 1711 832 1770 Subito
868 1712 997 1770 clamore
1031 1712 1168 1785 sublato,

167 1818 226 1872 qua
249 1796 477 1874 significatione,
502 1798 553 1873 qui
585 1798 617 1856 in
651 1797 760 1874 oppido
790 1797 1017 1873 obsidebantur,
1047 1797 1085 1855 de
1110 1816 1168 1855 suo

167 1884 301 1944 adventu
334 1903 518 1960 cognoscere
551 1890 687 1960 possent,
722 1890 822 1942 crates
855 1883 1014 1961 projicere,
1051 1882 1169 1957 fundiS,

166 1970 296 2047 sagittis,
320 1969 472 2047 lapidibus
495 1977 617 2028 nostros
646 1969 684 2028 de
715 1969 795 2028 vallo
826 1970 1007 2046 proturbare
1035 1969 1170 2044 reliqua-

167 2075 234 2131 que,
270 2074 337 2130 quae
374 2054 413 2113 ad
446 2055 703 2132 oppugnationem
735 2054 898 2132 pertinent,
931 2063 1041 2132 parant
1074 2054 1170 2114 admi-

165 2142 307 2200 nistrare.
353 2141 470 2199 Eodem
498 2148 634 2218 tempore
663 2141 794 2199 clamore
829 2141 971 2200 exaudito
1005 2141 1059 2199 dat
1091 2141 1169 2199 tuba

167 2228 287 2305 signum
309 2227 373 2286 suis
396 2227 627 2304 Vercingetorix
649 2233 742 2303 atque
765 2246 802 2285 ex
826 2227 936 2305 oppido
960 2226 1070 2286 educit.
1101 2225 1167 2286 No-

166 2315 231 2388 stri,
265 2320 300 2372 ut
339 2314 548 2391 superioribus
583 2313 690 2371 diebus
726 2332 800 2371 suus
835 2313 945 2388 ariique
979 2319 1045 2372 erat
1077 2314 1168 2371 locus

167 2400 341 2474 attributus,
377 2399 415 2458 ad
449 2400 631 2458 munitiones
665 2398 831 2472 accedunt,
866 2397 978 2474 fundis,
1014 2398 1168 2457 librilibus

166 2485 364 2561 sudibusque,
389 2506 465 2560 quas
494 2487 525 2544 in
556 2505 646 2562 opere
677 2484 906 2562 disposuerant,
938 2504 972 2543 ac
1002 2483 1168 2561 glandibus

168 2571 274 2630 Gallos
303 2578 485 2648 proterrent.
537 2571 707 2648 Prospectu
734 2570 869 2629 tenebris
898 2570 1040 2648 adempto
1069 2570 1168 2629 multa

165 2657 307 2732 utrinque
337 2656 464 2716 vulnera
498 2657 695 2734 accipiuntur,
725 2657 879 2734 complura
911 2656 1069 2714 tormentis
1104 2657 1188 2715 tela·

167 2741 376 2818 conjiciuntur.
431 2743 474 2800 At
495 2743 536 2799 M.
560 2743 710 2801 Antonius
745 2752 777 2800 et
805 2742 842 2801 G.
871 2742 1039 2802 Trebonius
1061 2741 1166 2818 legati,

166 2828 276 2902 quibus
300 2847 343 2886 eae
365 2835 469 2904 partes
503 2827 542 2886 ad
570 2826 794 2886 defendendum
817 2829 1013 2902 obvenerant,
1045 2848 1105 2902 qua
1129 2847 1168 2887 ex

165 2922 253 2991 parte
275 2921 396 2973 nostros
418 2913 515 2990 premi
537 2913 758 2988 intellexerant,
782 2913 820 2972 iis
845 2914 955 2973 auxilio
978 2934 1016 2972 ex
1037 2913 1165 2972 ulterio-

166 3001 251 3059 ribus
275 2999 409 3060 castellis
432 2991 579 3058 deductos
603 2999 840 3058 summittebant.

251 3085 421 3145 LXXXII.
455 3085 536 3144 Dum
553 3085 674 3162 longius
692 3087 730 3144 ab
747 3085 912 3143 munitione
930 3086 1056 3143 aberant
1070 3083 1162 3158 Galli,
1199 3140 1205 3151 ,

167 3172 236 3249 plus
258 3172 450 3231 multitudine
472 3173 602 3252 telorum
629 3171 829 3248 proficiebant
836 3191 842 3244 ;
873 3179 1073 3248 posteaquam
1094 3190 1165 3247 pro-

166 3258 235 3334 pius
258 3258 496 3332 successerrmt,'
516 3264 568 3316 aut
602 3276 635 3316 se
665 3257 725 3334 ipsi
748 3256 878 3315 stimulis
901 3256 1092 3334 inopinantes
1121 3256 1166 3314 in·

167 3342 301 3402 duebant
324 3351 376 3403 aut
397 3344 429 3401 in
452 3344 576 3402 scrobes
599 3343 717 3420 delapsi
739 3341 1023 3401 transfodiebantur
1052 3347 1105 3400 aut
1129 3361 1167 3400 ex

166 3429 246 3488 vallo
281 3449 316 3488 ac
349 3428 484 3487 turribus
525 3427 646 3504 trajecti
681 3428 752 3505 pilis
787 3428 953 3487 muralibus
987 3427 1163 3486 interibant.

166 3514 271 3574 Multis
294 3515 427 3591 undique
449 3514 627 3573 vulneribus
650 3513 784 3590 acceptis
807 3514 890 3572 nulla
913 3513 1078 3571 munitione
1097 3533 1166 3590 per·

166 3607 265 3679 rupta,
290 3621 382 3677 quum
403 3600 456 3657 lux
478 3606 644 3677 appeteret,
668 3600 772 3672 veriti,
801 3619 840 3658 ne
870 3600 907 3657 ab
935 3599 1031 3657 latere
1060 3606 1165 3676 aperto

167 3705 204 3744 ex
238 3686 444 3765 superioribus
477 3685 587 3744 castris
616 3685 773 3763 eruptione
807 3684 1104 3758 circumvenirentur,
1134 3704 1167 3743 se

167 3772 206 3831 ad
229 3793 299 3832 suos
322 3778 510 3849 receperunt.
555 3770 598 3828 At
619 3771 781 3829 interiores
804 3770 875 3829 dum
898 3791 942 3842 ea,
967 3789 1034 3845 quae
1059 3769 1164 3829 aVer·

166 3859 350 3936 cingetorige
384 3857 424 3916 ad
456 3857 644 3935 eruptionem
676 3863 849 3934 praeparata
872 3862 966 3930 erant,
990 3853 1161 3932 proferunt,

166 3946 282 4024 priores
314 3944 416 4003 fossas
450 3943 582 4020 explent,
617 3941 731 4000 diutius
764 3942 796 4000 in
829 3943 876 4001 his
910 3942 1001 4001 rebus
1033 3940 1160 4000 admini-
