2670 4456
54 251 58 258 '
154 265 192 322 12
467 253 865 310 11111101111100.

150 451 213 512 cari
253 448 298 524 [ac
331 458 429 510 totum
468 458 602 509 montem
641 442 813 509 hominibus
847 448 1001 530 compleri]
1043 458 1074 510 et
1106 452 1185 511 inter

151 557 186 598 ea
213 537 350 596 sarcinas
379 537 411 595 in
440 556 534 594 unum
561 535 663 594 locum
693 535 824 594 conferri
854 543 884 596 01
908 556 977 596 eum
1000 536 1108 613 abiis,
1134 539 1186 613 qui

149 623 182 681 in
215 623 371 701 superiore
405 622 470 680 acic
504 621 714 696 constiterant,
748 621 858 680 muniri
888 621 993 698 jussit.
1049 622 1187 683 Helvetii

151 727 220 767 cum
253 708 393 766 omnibus
428 707 492 767 suis
526 707 621 766 carris
655 707 753 766 secuti
785 707 1004 785 impedimenta
1032 708 1064 766 in
1091 729 1185 767 unum

149 793 251 853 locum
274 793 482 867 contulerunt;
511 793 571 872 ipsi
599 791 825 852 confertissima
855 795 919 852 acie
941 793 1056 870 rejecto
1078 803 1184 854 nostro

117 872 120 877 ’
151 880 289 955 equitatu
328 879 480 956 phalange
518 877 602 938 facta
646 879 703 938 sub
742 879 871 957 primam
913 887 1050 939 nostram
1089 881 1186 939 aciem

151 972 377 1024 successerunt.

236 1049 340 1110 XXV.
388 1049 492 1109 Caesar
513 1050 643 1129 primum
667 1069 732 1125 suo,
766 1049 875 1109 deinde
898 1050 1031 1109 omnium
1054 1071 1091 1110 ex
1115 1071 1185 1110 con-

150 1145 259 1215 spectu
288 1136 412 1194 remotis
441 1136 537 1211 equis,
571 1143 606 1194 11
634 1143 754 1211 aequato
784 1136 917 1194 omnium
939 1137 1075 1215 periculo
1099 1156 1185 1214 spem

150 1221 233 1298 fugae
266 1221 397 1297 tolleret,
432 1221 609 1282 cohortatus
644 1240 715 1279 suos
748 1221 889 1299 proelium
917 1222 1077 1281 commisit.
1127 1223 1185 1280 Mi-

150 1307 220 1366 lites
255 1327 271 1367 e
303 1306 371 1366 loco
404 1307 561 1385 superiore
592 1306 663 1384 pilis
697 1307 800 1366 missis
829 1306 920 1366 facile
948 1308 1082 1367 hostium
1109 1309 1184 1405 pha·

150 1394 271 1470 langem
300 1390 522 1470 perfregerunt.
578 1393 626 1451 Ea
660 1390 789 1469 disjecta
822 1392 932 1470 gladiis
966 1393 1163 1453 destrictis
1155 1413 1186 1452 111

55 1495 112 1564 af
152 1498 204 1539 eos
233 1478 382 1556 impetum
410 1477 559 1536 fecerunt.
618 1477 716 1536 Gallis
749 1479 859 1555 mlgno
889 1479 928 1538 ad
955 1500 1091 1557 pugnam
1119 1487 1185 1538 0111

94 1563 376 1642 impedimento,
412 1563 493 1638 quod
525 1563 665 1642 pluribus
699 1583 802 1623 eorum
837 1565 933 1624 scutis
960 1585 1021 1624 uno
1050 1566 1112 1624 ictu
1140 1566 1185 1642 pi-

151 1651 250 1708 lorum
282 1647 439 1708 transfixis
468 1657 498 1708 et
528 1649 689 1727 colligatis,
724 1670 818 1726 quum
846 1648 962 1709 sermm
991 1670 1024 1710 00
1051 1649 1185 1709 inflexis-

152 1743 209 1811 set,
243 1754 342 1811 neque
376 1734 507 1795 evellere
539 1755 639 1812 neque
672 1736 797 1795 sinistra
823 1735 971 1814 impedita
1001 1738 1076 1796 satis
1105 1757 1185 1795 com-

151 1821 240 1880 mode
273 1841 410 1898 pugnare
442 1829 600 1905 poterant,
640 1821 728 1879 multi
761 1828 796 1879 11
829 1820 881 1879 diu
914 1822 1027 1881 iactato
1060 1823 1185 1881 brachio

151 1913 359 1985 praeoptarent
403 1913 524 1975 scutum
562 1925 654 1964 manu
693 1906 831 1965 emittere
871 1913 901 1965 01
942 1906 1024 1964 nudo
1059 1926 1186 1983 corpore

151 2012 297 2070 pugnare.
354 1990 489 2049 Tandem
523 1991 699 2050 vulneribus
729 1989 844 2050 defessi
872 1999 903 2049 01
931 1990 1040 2068 pedem
1070 1991 1186 2051 referre

152 2086 193 2152 et,
223 2076 305 2152 quod
328 2094 416 2134 mons
439 2076 565 2134 suberat
588 2076 709 2135 circiter
730 2075 812 2135 mille
834 2095 982 2153 passuum
1005 2077 1114 2154 spatio,
1151 2099 1185 2136 eo

152 2181 187 2222 se
208 2162 344 2240 recipere
367 2168 534 2238 coeperunt.
577 2158 674 2239 Capto
697 2168 799 2220 monte
822 2169 853 2220 et
876 2161 1110 2221 succedentibus
1132 2184 1185 2221 no-

152 2247 225 2307 stris
246 2245 318 2323 Boji
349 2253 380 2305 et
401 2245 534 2323 Tulingi,
569 2247 620 2322 qui
648 2246 803 2306 hominum
832 2247 955 2305 milibus
984 2249 1104 2308 circiter
1126 2249 1188 2308 XV

15 2397 16 2400 ,
72 2409 74 2413 Ι
152 2352 262 2411 agmen
295 2331 428 2391 hostium
461 2330 645 2391 claudebant
674 2340 705 2391 et
732 2332 890 2392 novisimis
918 2333 1061 2411 praesidio
1091 2343 1186 2409 erant,

153 2439 190 2478 ex
223 2418 331 2478 itinere
364 2424 487 2476 nostros
519 2417 617 2478 latere
651 2426 756 2496 aperto
786 2419 924 2495 aggressi
959 2419 1186 2494 circumvenire,

55 2539 60 2575 χ
152 2511 183 2563 01
216 2503 248 2562 id
282 2503 450 2582 conspicati
482 2503 627 2579 Helvetii,
663 2504 713 2580 qui
746 2504 778 2562 in
806 2511 939 2562 montem
968 2525 1036 2564 sese
1064 2525 1187 2582 recepe-

151 2595 231 2664 rant,
264 2607 373 2647 rursus
405 2590 520 2648 instare
554 2596 585 2648 et
612 2589 754 2667 proelium
781 2589 990 2666 redintegrare
1019 2599 1186 2667 coeperunt,

151 2673 283 2734 Romani
316 2692 464 2733 convorsa
497 2673 584 2751 signa
616 2675 761 2752 bipertito
799 2675 983 2750 intulerunt,
1023 2676 1121 2753 prima
1157 2683 1188 2734 et

152 2758 288 2819 secunda
320 2759 411 2835 acies,
445 2767 480 2817 11
508 2759 599 2820 victis
628 2779 664 2819 10
694 2761 854 2819 summotis
882 2760 1048 2836 resisteret,
1084 2761 1184 2835 tertia,

151 2853 187 2904 ut
208 2844 367 2905 venientes
391 2844 568 2904 sustineret.

237 2929 359 2992 XXVI.
394 2930 445 2989 Ita
468 2930 593 3008 ancipiti
614 2931 721 3010 proelio
745 2931 797 2990 diu
821 2938 913 3007 atque
937 2931 1048 2991 acriter
1069 2951 1186 3009 pugna-

151 3024 217 3076 tum
252 3023 308 3076 est.
369 3015 495 3075 Diutius
537 3036 630 3092 quum
664 3017 816 3077 sustinere
848 3024 1021 3076 nostrorum
1055 3017 1188 3095 impetus

150 3122 212 3161 non
244 3108 380 3180 possent,
416 3101 504 3160 alteri
538 3120 581 3176 se,
615 3109 649 3161 11
683 3110 848 3182 coeperant,
882 3103 914 3162 in
943 3110 1077 3162 montem
1105 3123 1187 3162 1000-

151 3194 272 3265 perunt,
307 3187 395 3247 alteri
429 3186 468 3246 ad
495 3187 712 3266 impedimenta
740 3196 770 3248 et
802 3208 905 3247 carros
929 3208 1001 3247 0100
1025 3207 1058 3247 00
1082 3197 1187 3247 001111-

151 3274 267 3347 lerunt;
307 3292 378 3331 nam
411 3272 469 3332 hoc
497 3279 562 3333 1010
590 3274 708 3351 proelio,
751 3293 844 3350 quum
878 3274 915 3333 ab
950 3274 1026 3333 hora
1059 3274 1188 3351 septima

152 3357 192 3417 ad
214 3377 378 3435 vesperum
399 3365 569 3436 pugnatum
593 3359 642 3435 sit,
667 3379 807 3421 aversum
829 3360 950 3418 hostem
972 3358 1077 3421 videre
1098 3378 1186 3417 nemo

151 3444 261 3522 potuit.
306 3442 357 3501 Ad
385 3444 513 3502 multam
542 3451 664 3504 noctem
691 3444 783 3504 etiam
812 3444 851 3503 ad
872 3444 1089 3524 impedimenta
1111 3463 1188 3520 pug-

151 3536 258 3589 natum
291 3534 354 3604 001,
388 3535 551 3607 propterea
585 3529 666 3606 quod
695 3550 750 3608 pro
780 3529 861 3592 vallo
885 3549 988 3590 carros
1012 3527 1188 3605 objecerant

153 3621 184 3673 01
213 3635 229 3674 0
256 3614 324 3673 1000
352 3615 510 3692 superiore
542 3616 574 3673 in
606 3622 728 3675 nostros
762 3615 920 3677 venientes
953 3615 1016 3674 tela
1045 3613 1187 3690 conjicie-

151 3700 227 3760 bant
260 3708 291 3760 et
317 3700 455 3759 nonnulli
482 3701 562 3760 inter
590 3720 694 3760 carros
722 3701 873 3777 redasque
902 3707 1036 3760 mataras
1068 3719 1102 3758 10
1126 3708 1187 3758 111-

151 3786 242 3863 gnrlas
275 3785 479 3862 subjiciebant
511 3792 694 3863 nostrosque
727 3786 939 3847 vulnerabant.
999 3784 1061 3843 Diu
1095 3804 1188 3859 quum

121 3926 123 3930 1
152 3878 235 3930 00001
267 3878 455 3950 pugnatum,
494 3871 718 3949 impedimentis
758 3872 928 3946 castrisque
968 3870 1066 3928 nostri
1099 3871 1188 3948 potiti

152 3963 233 4016 sunt.
288 3956 339 4015 Ibi
373 3955 563 4034 Orgetorigis
595 3956 658 4016 filia
691 3964 783 4034 atque
816 3975 895 4016 unus
929 3976 945 4013 0
978 3953 1049 4014 filiis
1080 3966 1188 4034 captus
