<?xml version="1.0" encoding="UTF-8"?>
<!DOCTYPE html PUBLIC "-//W3C//DTD XHTML 1.0 Transitional//EN"
    "http://www.w3.org/TR/xhtml1/DTD/xhtml1-transitional.dtd">
<html xmlns="http://www.w3.org/1999/xhtml" xml:lang="en" lang="en">
 <head>
  <title>
</title>
<meta http-equiv="Content-Type" content="text/html;charset=utf-8" />
  <meta name='ocr-system' content='tesseract 3.04.00' />
  <meta name='ocr-capabilities' content='ocr_page ocr_carea ocr_par ocr_line ocrx_word'/>
</head>
<body>
  <div class='ocr_page' id='page_1' title='image "./debellogallico00caesgoog_0024.png"; bbox 0 0 2670 4456; ppageno 0'>
   <div class='ocr_carea' id='block_1_1' title="bbox 585 251 1179 320">
    <p class='ocr_par' dir='ltr' id='par_1_1' title="bbox 585 251 1179 320">
     <span class='ocr_line' id='line_1_1' title="bbox 585 251 1179 320; baseline 0.003 -16"><span class='ocrx_word' id='word_1_1' title='bbox 585 251 705 305; x_wconf 83' lang='lat' dir='ltr'><strong>LIBER</strong></span> <span class='ocrx_word' id='word_1_2' title='bbox 724 252 746 306; x_wconf 91' lang='lat'>1.</span> <span class='ocrx_word' id='word_1_3' title='bbox 1139 264 1179 320; x_wconf 77' lang='lat'>15</span> 
     </span>
    </p>
   </div>
   <div class='ocr_carea' id='block_1_2' title="bbox 116 444 1205 4031">
    <p class='ocr_par' dir='ltr' id='par_1_2' title="bbox 116 444 1205 4031">
     <span class='ocr_line' id='line_1_2' title="bbox 144 444 1176 523; baseline 0.004 -20"><span class='ocrx_word' id='word_1_4' title='bbox 144 445 270 504; x_wconf 88' lang='lat' dir='ltr'>alterius</span> <span class='ocrx_word' id='word_1_5' title='bbox 303 444 506 523; x_wconf 76' lang='lat' dir='ltr'>principatum</span> <span class='ocrx_word' id='word_1_6' title='bbox 539 455 644 505; x_wconf 89' lang='lat' dir='ltr'>tenere</span> <span class='ocrx_word' id='word_1_7' title='bbox 673 446 820 521; x_wconf 85' lang='lat' dir='ltr'>Haeduos,</span> <span class='ocrx_word' id='word_1_8' title='bbox 855 447 980 506; x_wconf 87' lang='lat' dir='ltr'>alterius</span> <span class='ocrx_word' id='word_1_9' title='bbox 1009 447 1176 508; x_wconf 85' lang='lat' dir='ltr'>Arvernos.</span> 
     </span>
     <span class='ocr_line' id='line_1_3' title="bbox 143 530 1176 609; baseline 0.004 -21"><span class='ocrx_word' id='word_1_10' title='bbox 143 530 186 589; x_wconf 91' lang='lat' dir='ltr'>Hi</span> <span class='ocrx_word' id='word_1_11' title='bbox 214 550 307 607; x_wconf 91' lang='lat' dir='ltr'>quum</span> <span class='ocrx_word' id='word_1_12' title='bbox 335 538 494 608; x_wconf 92' lang='lat' dir='ltr'>tantopere</span> <span class='ocrx_word' id='word_1_13' title='bbox 522 531 560 590; x_wconf 92' lang='lat' dir='ltr'>de</span> <span class='ocrx_word' id='word_1_14' title='bbox 587 539 749 609; x_wconf 88' lang='lat' dir='ltr'>potentatu</span> <span class='ocrx_word' id='word_1_15' title='bbox 776 531 856 591; x_wconf 88' lang='lat' dir='ltr'>inter</span> <span class='ocrx_word' id='word_1_16' title='bbox 885 552 918 591; x_wconf 90' lang='lat' dir='ltr'>se</span> <span class='ocrx_word' id='word_1_17' title='bbox 946 533 1058 592; x_wconf 87' lang='lat' dir='ltr'>multos</span> <span class='ocrx_word' id='word_1_18' title='bbox 1081 553 1176 592; x_wconf 89' lang='lat' dir='ltr'>annos</span> 
     </span>
     <span class='ocr_line' id='line_1_4' title="bbox 143 615 1177 695; baseline 0.003 -20"><span class='ocrx_word' id='word_1_19' title='bbox 143 615 371 691; x_wconf 72' lang='lat' dir='ltr'>contenderent,</span> <span class='ocrx_word' id='word_1_20' title='bbox 405 615 522 676; x_wconf 83' lang='lat' dir='ltr'>iactum</span> <span class='ocrx_word' id='word_1_21' title='bbox 552 636 629 693; x_wconf 87' lang='lat' dir='ltr'>esse,</span> <span class='ocrx_word' id='word_1_22' title='bbox 661 618 706 676; x_wconf 88' lang='lat' dir='ltr'>uti</span> <span class='ocrx_word' id='word_1_23' title='bbox 735 618 771 677; x_wconf 90' lang='lat' dir='ltr'>ab</span> <span class='ocrx_word' id='word_1_24' title='bbox 794 617 943 677; x_wconf 82' lang='lat' dir='ltr'>Arvernis</span> <span class='ocrx_word' id='word_1_25' title='bbox 967 617 1177 695; x_wconf 80' lang='lat' dir='ltr'>Sequanisque</span> 
     </span>
     <span class='ocr_line' id='line_1_5' title="bbox 144 701 1177 782; baseline 0.004 -22"><span class='ocrx_word' id='word_1_26' title='bbox 144 701 288 761; x_wconf 81' lang='lat' dir='ltr'>Germani</span> <span class='ocrx_word' id='word_1_27' title='bbox 317 702 457 762; x_wconf 82' lang='lat' dir='ltr'>mercede</span> <span class='ocrx_word' id='word_1_28' title='bbox 485 710 722 762; x_wconf 79' lang='lat' dir='ltr'>arcesserentur.</span> <span class='ocrx_word' id='word_1_29' title='bbox 779 704 898 764; x_wconf 91' lang='lat' dir='ltr'>Horum</span> <span class='ocrx_word' id='word_1_30' title='bbox 927 704 1025 782; x_wconf 90' lang='lat' dir='ltr'>primo</span> <span class='ocrx_word' id='word_1_31' title='bbox 1057 704 1177 764; x_wconf 88' lang='lat' dir='ltr'>circiter</span> 
     </span>
     <span class='ocr_line' id='line_1_6' title="bbox 143 787 1176 867; baseline 0.003 -21"><span class='ocrx_word' id='word_1_32' title='bbox 143 787 224 847; x_wconf 86' lang='lat' dir='ltr'>milia</span> <span class='ocrx_word' id='word_1_33' title='bbox 246 787 309 847; x_wconf 89' lang='lat' dir='ltr'>XV</span> <span class='ocrx_word' id='word_1_34' title='bbox 330 788 473 847; x_wconf 88' lang='lat' dir='ltr'>Rhenum</span> <span class='ocrx_word' id='word_1_35' title='bbox 502 788 664 862; x_wconf 86' lang='lat' dir='ltr'>transisse;</span> <span class='ocrx_word' id='word_1_36' title='bbox 699 800 899 866; x_wconf 81' lang='lat' dir='ltr'>posteaquam</span> <span class='ocrx_word' id='word_1_37' title='bbox 934 809 1024 867; x_wconf 80' lang='lat' dir='ltr'>agros</span> <span class='ocrx_word' id='word_1_38' title='bbox 1055 797 1085 849; x_wconf 90' lang='lat' dir='ltr'>et</span> <span class='ocrx_word' id='word_1_39' title='bbox 1114 791 1176 849; x_wconf 89' lang='lat' dir='ltr'>cul·</span> 
     </span>
     <span class='ocr_line' id='line_1_7' title="bbox 142 873 1176 951; baseline 0.003 -19"><span class='ocrx_word' id='word_1_40' title='bbox 142 880 206 932; x_wconf 91' lang='lat' dir='ltr'>tum</span> <span class='ocrx_word' id='word_1_41' title='bbox 240 880 272 932; x_wconf 91' lang='lat' dir='ltr'>et</span> <span class='ocrx_word' id='word_1_42' title='bbox 305 873 409 951; x_wconf 89' lang='lat' dir='ltr'>copias</span> <span class='ocrx_word' id='word_1_43' title='bbox 438 873 596 933; x_wconf 82' lang='lat' dir='ltr'>Gallorum</span> <span class='ocrx_word' id='word_1_44' title='bbox 629 875 767 934; x_wconf 88' lang='lat' dir='ltr'>homines</span> <span class='ocrx_word' id='word_1_45' title='bbox 800 874 858 933; x_wconf 88' lang='lat' dir='ltr'>feri</span> <span class='ocrx_word' id='word_1_46' title='bbox 888 894 923 933; x_wconf 88' lang='lat' dir='ltr'>ac</span> <span class='ocrx_word' id='word_1_47' title='bbox 951 875 1075 935; x_wconf 88' lang='lat' dir='ltr'>barbari</span> <span class='ocrx_word' id='word_1_48' title='bbox 1105 875 1176 935; x_wconf 89' lang='lat' dir='ltr'>ada-</span> 
     </span>
     <span class='ocr_line' id='line_1_8' title="bbox 143 958 1205 1038; baseline -0.002 -21"><span class='ocrx_word' id='word_1_49' title='bbox 143 968 289 1034; x_wconf 88' lang='lat' dir='ltr'>massent,</span> <span class='ocrx_word' id='word_1_50' title='bbox 321 958 480 1019; x_wconf 90' lang='lat' dir='ltr'>traductos</span> <span class='ocrx_word' id='word_1_51' title='bbox 507 960 627 1038; x_wconf 78' lang='lat' dir='ltr'>plures3</span> <span class='ocrx_word' id='word_1_52' title='bbox 662 980 743 1020; x_wconf 88' lang='lat' dir='ltr'>nunc</span> <span class='ocrx_word' id='word_1_53' title='bbox 767 979 834 1019; x_wconf 89' lang='lat' dir='ltr'>esse</span> <span class='ocrx_word' id='word_1_54' title='bbox 857 960 888 1018; x_wconf 92' lang='lat' dir='ltr'>in</span> <span class='ocrx_word' id='word_1_55' title='bbox 912 959 1012 1020; x_wconf 89' lang='lat' dir='ltr'>Gallia</span> <span class='ocrx_word' id='word_1_56' title='bbox 1035 960 1074 1020; x_wconf 87' lang='lat' dir='ltr'>ad</span> <span class='ocrx_word' id='word_1_57' title='bbox 1099 960 1122 1019; x_wconf 85' lang='lat' dir='ltr'>G</span> <span class='ocrx_word' id='word_1_58' title='bbox 1146 970 1177 1021; x_wconf 91' lang='lat' dir='ltr'>et</span> <span class='ocrx_word' id='word_1_59' title='bbox 1201 1008 1205 1015; x_wconf 88' lang='lat'>.</span> 
     </span>
     <span class='ocr_line' id='line_1_9' title="bbox 141 1044 1175 1121; baseline 0.002 -18"><span class='ocrx_word' id='word_1_60' title='bbox 141 1044 206 1103; x_wconf 90' lang='lat' dir='ltr'>XX</span> <span class='ocrx_word' id='word_1_61' title='bbox 228 1045 345 1104; x_wconf 90' lang='lat' dir='ltr'>milium</span> <span class='ocrx_word' id='word_1_62' title='bbox 367 1064 536 1103; x_wconf 90' lang='lat' dir='ltr'>numerum.</span> <span class='ocrx_word' id='word_1_63' title='bbox 594 1045 670 1104; x_wconf 83' lang='lat' dir='ltr'>Cum</span> <span class='ocrx_word' id='word_1_64' title='bbox 698 1045 746 1105; x_wconf 92' lang='lat' dir='ltr'>his</span> <span class='ocrx_word' id='word_1_65' title='bbox 768 1045 906 1105; x_wconf 84' lang='lat' dir='ltr'>Haeduos</span> <span class='ocrx_word' id='word_1_66' title='bbox 935 1065 1100 1121; x_wconf 91' lang='lat' dir='ltr'>eorumque</span> <span class='ocrx_word' id='word_1_67' title='bbox 1123 1047 1175 1105; x_wconf 90' lang='lat' dir='ltr'>cli-</span> 
     </span>
     <span class='ocr_line' id='line_1_10' title="bbox 143 1131 1176 1208; baseline 0.004 -21"><span class='ocrx_word' id='word_1_68' title='bbox 143 1136 228 1189; x_wconf 88' lang='lat' dir='ltr'>entes</span> <span class='ocrx_word' id='word_1_69' title='bbox 263 1131 357 1190; x_wconf 89' lang='lat' dir='ltr'>semel</span> <span class='ocrx_word' id='word_1_70' title='bbox 391 1138 482 1206; x_wconf 88' lang='lat' dir='ltr'>atque</span> <span class='ocrx_word' id='word_1_71' title='bbox 515 1131 625 1189; x_wconf 87' lang='lat' dir='ltr'>iterum</span> <span class='ocrx_word' id='word_1_72' title='bbox 660 1132 751 1190; x_wconf 89' lang='lat' dir='ltr'>armis</span> <span class='ocrx_word' id='word_1_73' title='bbox 786 1131 993 1205; x_wconf 89' lang='lat' dir='ltr'>contendisse;</span> <span class='ocrx_word' id='word_1_74' title='bbox 1034 1152 1176 1208; x_wconf 84' lang='lat' dir='ltr'>magnam</span> 
     </span>
     <span class='ocr_line' id='line_1_11' title="bbox 143 1215 1175 1294; baseline 0.002 -20"><span class='ocrx_word' id='word_1_75' title='bbox 143 1215 347 1275; x_wconf 83' lang='lat' dir='ltr'>calamitatem</span> <span class='ocrx_word' id='word_1_76' title='bbox 381 1216 487 1293; x_wconf 90' lang='lat' dir='ltr'>pulsos</span> <span class='ocrx_word' id='word_1_77' title='bbox 521 1217 691 1294; x_wconf 89' lang='lat' dir='ltr'>accepisse;</span> <span class='ocrx_word' id='word_1_78' title='bbox 728 1237 847 1276; x_wconf 89' lang='lat' dir='ltr'>omnem</span> <span class='ocrx_word' id='word_1_79' title='bbox 880 1217 1077 1292; x_wconf 87' lang='lat' dir='ltr'>nobilitatem,</span> <span class='ocrx_word' id='word_1_80' title='bbox 1113 1237 1175 1276; x_wconf 91' lang='lat' dir='ltr'>om-</span> 
     </span>
     <span class='ocr_line' id='line_1_12' title="bbox 140 1302 1175 1380; baseline 0.003 -21"><span class='ocrx_word' id='word_1_81' title='bbox 140 1320 210 1360; x_wconf 92' lang='lat' dir='ltr'>nem</span> <span class='ocrx_word' id='word_1_82' title='bbox 242 1308 389 1376; x_wconf 89' lang='lat' dir='ltr'>senatum,</span> <span class='ocrx_word' id='word_1_83' title='bbox 421 1321 540 1360; x_wconf 91' lang='lat' dir='ltr'>omnem</span> <span class='ocrx_word' id='word_1_84' title='bbox 564 1302 731 1378; x_wconf 87' lang='lat' dir='ltr'>equitatum</span> <span class='ocrx_word' id='word_1_85' title='bbox 754 1303 902 1362; x_wconf 88' lang='lat' dir='ltr'>amisisse.</span> <span class='ocrx_word' id='word_1_86' title='bbox 955 1302 1073 1374; x_wconf 76' lang='lat' dir='ltr'>Quibus</span> <span class='ocrx_word' id='word_1_87' title='bbox 1095 1323 1175 1380; x_wconf 88' lang='lat' dir='ltr'>proe-</span> 
     </span>
     <span class='ocr_line' id='line_1_13' title="bbox 141 1385 1174 1467; baseline 0.004 -23"><span class='ocrx_word' id='word_1_88' title='bbox 141 1386 190 1446; x_wconf 88' lang='lat' dir='ltr'>liis</span> <span class='ocrx_word' id='word_1_89' title='bbox 225 1387 510 1463; x_wconf 87' lang='lat' dir='ltr'>calamitatibusque</span> <span class='ocrx_word' id='word_1_90' title='bbox 543 1385 669 1463; x_wconf 82' lang='lat' dir='ltr'>fractos,</span> <span class='ocrx_word' id='word_1_91' title='bbox 705 1388 756 1464; x_wconf 91' lang='lat' dir='ltr'>qui</span> <span class='ocrx_word' id='word_1_92' title='bbox 787 1399 817 1448; x_wconf 92' lang='lat' dir='ltr'>et</span> <span class='ocrx_word' id='word_1_93' title='bbox 847 1408 903 1446; x_wconf 91' lang='lat' dir='ltr'>sua</span> <span class='ocrx_word' id='word_1_94' title='bbox 932 1388 1046 1449; x_wconf 85' lang='lat' dir='ltr'>virtute</span> <span class='ocrx_word' id='word_1_95' title='bbox 1068 1395 1100 1448; x_wconf 92' lang='lat' dir='ltr'>et</span> <span class='ocrx_word' id='word_1_96' title='bbox 1121 1408 1174 1467; x_wconf 93' lang='lat' dir='ltr'>po-</span> 
     </span>
     <span class='ocr_line' id='line_1_14' title="bbox 139 1471 1175 1552; baseline 0.001 -21"><span class='ocrx_word' id='word_1_97' title='bbox 139 1472 203 1549; x_wconf 90' lang='lat' dir='ltr'>puli</span> <span class='ocrx_word' id='word_1_98' title='bbox 230 1471 363 1532; x_wconf 85' lang='lat' dir='ltr'>Romani</span> <span class='ocrx_word' id='word_1_99' title='bbox 396 1473 527 1550; x_wconf 88' lang='lat' dir='ltr'>hospitio</span> <span class='ocrx_word' id='word_1_100' title='bbox 563 1481 653 1549; x_wconf 88' lang='lat' dir='ltr'>atque</span> <span class='ocrx_word' id='word_1_101' title='bbox 687 1474 819 1532; x_wconf 88' lang='lat' dir='ltr'>amicitia</span> <span class='ocrx_word' id='word_1_102' title='bbox 852 1474 1017 1552; x_wconf 90' lang='lat' dir='ltr'>plurimum</span> <span class='ocrx_word' id='word_1_103' title='bbox 1046 1481 1117 1533; x_wconf 90' lang='lat' dir='ltr'>ante</span> <span class='ocrx_word' id='word_1_104' title='bbox 1144 1474 1175 1532; x_wconf 93' lang='lat' dir='ltr'>in</span> 
     </span>
     <span class='ocr_line' id='line_1_15' title="bbox 116 1556 1172 1636; baseline 0.002 -20"><span class='ocrx_word' id='word_1_105' title='bbox 116 1556 241 1617; x_wconf 81' lang='lat' dir='ltr'>&#39;Gallia</span> <span class='ocrx_word' id='word_1_106' title='bbox 273 1558 463 1636; x_wconf 87' lang='lat' dir='ltr'>potuissent,</span> <span class='ocrx_word' id='word_1_107' title='bbox 499 1566 622 1617; x_wconf 88' lang='lat' dir='ltr'>coactos</span> <span class='ocrx_word' id='word_1_108' title='bbox 656 1578 723 1618; x_wconf 90' lang='lat' dir='ltr'>esse</span> <span class='ocrx_word' id='word_1_109' title='bbox 758 1559 908 1635; x_wconf 89' lang='lat' dir='ltr'>Sequanis</span> <span class='ocrx_word' id='word_1_110' title='bbox 942 1559 1065 1619; x_wconf 88' lang='lat' dir='ltr'>obsides</span> <span class='ocrx_word' id='word_1_111' title='bbox 1099 1560 1172 1619; x_wconf 87' lang='lat' dir='ltr'>dare</span> 
     </span>
     <span class='ocr_line' id='line_1_16' title="bbox 138 1643 1174 1720; baseline 0.002 -18"><span class='ocrx_word' id='word_1_112' title='bbox 138 1643 345 1702; x_wconf 89' lang='lat' dir='ltr'>nobilissimos</span> <span class='ocrx_word' id='word_1_113' title='bbox 379 1644 511 1703; x_wconf 81' lang='lat' dir='ltr'>civitatis</span> <span class='ocrx_word' id='word_1_114' title='bbox 552 1652 582 1703; x_wconf 89' lang='lat' dir='ltr'>et</span> <span class='ocrx_word' id='word_1_115' title='bbox 623 1643 819 1720; x_wconf 85' lang='lat' dir='ltr'>jurejurando</span> <span class='ocrx_word' id='word_1_116' title='bbox 855 1645 1010 1705; x_wconf 83' lang='lat' dir='ltr'>civitatem</span> <span class='ocrx_word' id='word_1_117' title='bbox 1044 1645 1174 1704; x_wconf 91' lang='lat' dir='ltr'>obstrin-</span> 
     </span>
     <span class='ocr_line' id='line_1_17' title="bbox 138 1729 1172 1808; baseline 0.001 -21"><span class='ocrx_word' id='word_1_118' title='bbox 138 1748 221 1806; x_wconf 85' lang='lat' dir='ltr'>gere,</span> <span class='ocrx_word' id='word_1_119' title='bbox 256 1748 325 1789; x_wconf 90' lang='lat' dir='ltr'>sese</span> <span class='ocrx_word' id='word_1_120' title='bbox 358 1748 457 1805; x_wconf 88' lang='lat' dir='ltr'>neque</span> <span class='ocrx_word' id='word_1_121' title='bbox 489 1729 611 1788; x_wconf 87' lang='lat' dir='ltr'>obsides</span> <span class='ocrx_word' id='word_1_122' title='bbox 639 1730 823 1808; x_wconf 87' lang='lat' dir='ltr'>repetituros</span> <span class='ocrx_word' id='word_1_123' title='bbox 851 1750 951 1805; x_wconf 91' lang='lat' dir='ltr'>neque</span> <span class='ocrx_word' id='word_1_124' title='bbox 980 1730 1125 1789; x_wconf 86' lang='lat' dir='ltr'>auxilium</span> <span class='ocrx_word' id='word_1_125' title='bbox 1154 1752 1172 1788; x_wconf 93' lang='lat' dir='ltr'>a</span> 
     </span>
     <span class='ocr_line' id='line_1_18' title="bbox 138 1814 1172 1893; baseline 0.002 -20"><span class='ocrx_word' id='word_1_126' title='bbox 138 1815 250 1892; x_wconf 93' lang='lat' dir='ltr'>populo</span> <span class='ocrx_word' id='word_1_127' title='bbox 289 1814 428 1874; x_wconf 89' lang='lat' dir='ltr'>Romano</span> <span class='ocrx_word' id='word_1_128' title='bbox 466 1815 682 1893; x_wconf 88' lang='lat' dir='ltr'>imploraturos</span> <span class='ocrx_word' id='word_1_129' title='bbox 720 1835 819 1892; x_wconf 91' lang='lat' dir='ltr'>neque</span> <span class='ocrx_word' id='word_1_130' title='bbox 858 1823 1071 1891; x_wconf 83' lang='lat' dir='ltr'>recusaturos,</span> <span class='ocrx_word' id='word_1_131' title='bbox 1112 1836 1172 1892; x_wconf 92' lang='lat' dir='ltr'>quo</span> 
     </span>
     <span class='ocr_line' id='line_1_19' title="bbox 137 1900 1172 1980; baseline 0.002 -21"><span class='ocrx_word' id='word_1_132' title='bbox 137 1900 236 1959; x_wconf 91' lang='lat' dir='ltr'>minus</span> <span class='ocrx_word' id='word_1_133' title='bbox 259 1908 408 1979; x_wconf 86' lang='lat' dir='ltr'>perpetuo</span> <span class='ocrx_word' id='word_1_134' title='bbox 432 1901 488 1959; x_wconf 91' lang='lat' dir='ltr'>sub</span> <span class='ocrx_word' id='word_1_135' title='bbox 511 1900 631 1959; x_wconf 88' lang='lat' dir='ltr'>illorum</span> <span class='ocrx_word' id='word_1_136' title='bbox 657 1901 775 1960; x_wconf 86' lang='lat' dir='ltr'>dicione</span> <span class='ocrx_word' id='word_1_137' title='bbox 800 1910 891 1978; x_wconf 88' lang='lat' dir='ltr'>atque</span> <span class='ocrx_word' id='word_1_138' title='bbox 913 1901 1039 1980; x_wconf 90' lang='lat' dir='ltr'>imperio</span> <span class='ocrx_word' id='word_1_139' title='bbox 1060 1909 1172 1961; x_wconf 84' lang='lat' dir='ltr'>essent.</span> 
     </span>
     <span class='ocr_line' id='line_1_20' title="bbox 137 1984 1174 2064; baseline 0.002 -20"><span class='ocrx_word' id='word_1_140' title='bbox 137 1984 239 2044; x_wconf 89' lang='lat' dir='ltr'>Unum</span> <span class='ocrx_word' id='word_1_141' title='bbox 271 2006 305 2045; x_wconf 89' lang='lat' dir='ltr'>se</span> <span class='ocrx_word' id='word_1_142' title='bbox 336 2005 404 2045; x_wconf 89' lang='lat' dir='ltr'>esse</span> <span class='ocrx_word' id='word_1_143' title='bbox 433 2007 469 2045; x_wconf 87' lang='lat' dir='ltr'>ex</span> <span class='ocrx_word' id='word_1_144' title='bbox 501 1987 581 2045; x_wconf 91' lang='lat' dir='ltr'>omni</span> <span class='ocrx_word' id='word_1_145' title='bbox 605 1987 727 2047; x_wconf 87' lang='lat' dir='ltr'>civitate</span> <span class='ocrx_word' id='word_1_146' title='bbox 749 1986 947 2062; x_wconf 82' lang='lat' dir='ltr'>Haeduorum,</span> <span class='ocrx_word' id='word_1_147' title='bbox 984 1988 1035 2064; x_wconf 89' lang='lat' dir='ltr'>qui</span> <span class='ocrx_word' id='word_1_148' title='bbox 1063 1987 1174 2046; x_wconf 87' lang='lat' dir='ltr'>adduci</span> 
     </span>
     <span class='ocr_line' id='line_1_21' title="bbox 136 2070 1171 2149; baseline 0.002 -20"><span class='ocrx_word' id='word_1_149' title='bbox 136 2091 197 2130; x_wconf 92' lang='lat' dir='ltr'>non</span> <span class='ocrx_word' id='word_1_150' title='bbox 224 2072 369 2149; x_wconf 91' lang='lat' dir='ltr'>potuerit,</span> <span class='ocrx_word' id='word_1_151' title='bbox 402 2078 437 2130; x_wconf 93' lang='lat' dir='ltr'>ut</span> <span class='ocrx_word' id='word_1_152' title='bbox 466 2070 586 2147; x_wconf 87' lang='lat' dir='ltr'>juraret</span> <span class='ocrx_word' id='word_1_153' title='bbox 615 2079 667 2131; x_wconf 89' lang='lat' dir='ltr'>aut</span> <span class='ocrx_word' id='word_1_154' title='bbox 696 2073 809 2132; x_wconf 89' lang='lat' dir='ltr'>liberos</span> <span class='ocrx_word' id='word_1_155' title='bbox 833 2093 905 2132; x_wconf 89' lang='lat' dir='ltr'>suos</span> <span class='ocrx_word' id='word_1_156' title='bbox 929 2072 1051 2132; x_wconf 87' lang='lat' dir='ltr'>obsides</span> <span class='ocrx_word' id='word_1_157' title='bbox 1075 2072 1171 2132; x_wconf 90' lang='lat' dir='ltr'>daret.</span> 
     </span>
     <span class='ocr_line' id='line_1_22' title="bbox 137 2155 1175 2237; baseline 0.002 -22"><span class='ocrx_word' id='word_1_158' title='bbox 137 2155 184 2216; x_wconf 90' lang='lat' dir='ltr'>Ob</span> <span class='ocrx_word' id='word_1_159' title='bbox 219 2176 285 2216; x_wconf 87' lang='lat' dir='ltr'>eam</span> <span class='ocrx_word' id='word_1_160' title='bbox 319 2176 384 2216; x_wconf 91' lang='lat' dir='ltr'>rem</span> <span class='ocrx_word' id='word_1_161' title='bbox 418 2176 452 2216; x_wconf 90' lang='lat' dir='ltr'>se</span> <span class='ocrx_word' id='word_1_162' title='bbox 486 2177 523 2216; x_wconf 84' lang='lat' dir='ltr'>ex</span> <span class='ocrx_word' id='word_1_163' title='bbox 558 2158 681 2219; x_wconf 87' lang='lat' dir='ltr'>civitate</span> <span class='ocrx_word' id='word_1_164' title='bbox 709 2158 884 2237; x_wconf 81' lang='lat' dir='ltr'>profugisse</span> <span class='ocrx_word' id='word_1_165' title='bbox 915 2165 945 2217; x_wconf 91' lang='lat' dir='ltr'>et</span> <span class='ocrx_word' id='word_1_166' title='bbox 972 2159 1102 2218; x_wconf 88' lang='lat' dir='ltr'>Romam</span> <span class='ocrx_word' id='word_1_167' title='bbox 1135 2158 1175 2218; x_wconf 88' lang='lat' dir='ltr'>ad</span> 
     </span>
     <span class='ocr_line' id='line_1_23' title="bbox 137 2243 1174 2322; baseline 0.003 -22"><span class='ocrx_word' id='word_1_168' title='bbox 137 2249 276 2302; x_wconf 88' lang='lat' dir='ltr'>senatum</span> <span class='ocrx_word' id='word_1_169' title='bbox 299 2243 421 2303; x_wconf 87' lang='lat' dir='ltr'>venisse</span> <span class='ocrx_word' id='word_1_170' title='bbox 445 2243 589 2302; x_wconf 84' lang='lat' dir='ltr'>auxilium</span> <span class='ocrx_word' id='word_1_171' title='bbox 617 2244 814 2322; x_wconf 88' lang='lat' dir='ltr'>postulatum,</span> <span class='ocrx_word' id='word_1_172' title='bbox 851 2244 932 2320; x_wconf 91' lang='lat' dir='ltr'>quod</span> <span class='ocrx_word' id='word_1_173' title='bbox 962 2244 1046 2303; x_wconf 89' lang='lat' dir='ltr'>solus</span> <span class='ocrx_word' id='word_1_174' title='bbox 1074 2263 1174 2319; x_wconf 90' lang='lat' dir='ltr'>neque</span> 
     </span>
     <span class='ocr_line' id='line_1_24' title="bbox 132 2326 1173 2406; baseline 0.001 -20"><span class='ocrx_word' id='word_1_175' title='bbox 132 2326 333 2405; x_wconf 86' lang='lat' dir='ltr'>jurejurando</span> <span class='ocrx_word' id='word_1_176' title='bbox 362 2347 462 2406; x_wconf 90' lang='lat' dir='ltr'>neque</span> <span class='ocrx_word' id='word_1_177' title='bbox 491 2329 648 2388; x_wconf 86' lang='lat' dir='ltr'>obsidibus</span> <span class='ocrx_word' id='word_1_178' title='bbox 677 2337 841 2389; x_wconf 87' lang='lat' dir='ltr'>teneretur.</span> <span class='ocrx_word' id='word_1_179' title='bbox 898 2329 960 2388; x_wconf 85' lang='lat' dir='ltr'>Sed</span> <span class='ocrx_word' id='word_1_180' title='bbox 989 2328 1079 2406; x_wconf 82' lang='lat' dir='ltr'>pejus</span> <span class='ocrx_word' id='word_1_181' title='bbox 1110 2329 1173 2388; x_wconf 81' lang='lat' dir='ltr'>vic·</span> 
     </span>
     <span class='ocr_line' id='line_1_25' title="bbox 135 2413 1172 2492; baseline -0.001 -20"><span class='ocrx_word' id='word_1_182' title='bbox 135 2413 253 2472; x_wconf 89' lang='lat' dir='ltr'>toribus</span> <span class='ocrx_word' id='word_1_183' title='bbox 283 2413 434 2491; x_wconf 89' lang='lat' dir='ltr'>Sequanis</span> <span class='ocrx_word' id='word_1_184' title='bbox 468 2433 559 2488; x_wconf 89' lang='lat' dir='ltr'>quam</span> <span class='ocrx_word' id='word_1_185' title='bbox 591 2414 720 2473; x_wconf 83' lang='lat' dir='ltr'>Haeduis</span> <span class='ocrx_word' id='word_1_186' title='bbox 753 2415 843 2474; x_wconf 82' lang='lat' dir='ltr'>victis</span> <span class='ocrx_word' id='word_1_187' title='bbox 878 2413 1042 2488; x_wconf 87' lang='lat' dir='ltr'>accidisse,</span> <span class='ocrx_word' id='word_1_188' title='bbox 1082 2433 1172 2492; x_wconf 88' lang='lat' dir='ltr'>prop·</span> 
     </span>
     <span class='ocr_line' id='line_1_26' title="bbox 136 2497 1171 2576; baseline 0.002 -20"><span class='ocrx_word' id='word_1_189' title='bbox 136 2506 219 2559; x_wconf 86' lang='lat' dir='ltr'>terea</span> <span class='ocrx_word' id='word_1_190' title='bbox 250 2499 331 2576; x_wconf 89' lang='lat' dir='ltr'>quod</span> <span class='ocrx_word' id='word_1_191' title='bbox 354 2499 540 2573; x_wconf 83' lang='lat' dir='ltr'>Ariovistus,</span> <span class='ocrx_word' id='word_1_192' title='bbox 574 2517 629 2557; x_wconf 84' lang='lat' dir='ltr'>rex</span> <span class='ocrx_word' id='word_1_193' title='bbox 653 2498 883 2574; x_wconf 87' lang='lat' dir='ltr'>Germanorum,</span> <span class='ocrx_word' id='word_1_194' title='bbox 917 2499 949 2557; x_wconf 92' lang='lat' dir='ltr'>in</span> <span class='ocrx_word' id='word_1_195' title='bbox 978 2518 1082 2558; x_wconf 91' lang='lat' dir='ltr'>eorum</span> <span class='ocrx_word' id='word_1_196' title='bbox 1105 2497 1171 2558; x_wconf 91' lang='lat' dir='ltr'>fini-</span> 
     </span>
     <span class='ocr_line' id='line_1_27' title="bbox 135 2583 1172 2663; baseline 0.001 -20"><span class='ocrx_word' id='word_1_197' title='bbox 135 2585 193 2643; x_wconf 86' lang='lat' dir='ltr'>bus</span> <span class='ocrx_word' id='word_1_198' title='bbox 228 2584 419 2644; x_wconf 89' lang='lat' dir='ltr'>consedisset</span> <span class='ocrx_word' id='word_1_199' title='bbox 451 2585 633 2661; x_wconf 85' lang='lat' dir='ltr'>tertiamque</span> <span class='ocrx_word' id='word_1_200' title='bbox 666 2593 786 2663; x_wconf 81' lang='lat' dir='ltr'>partem</span> <span class='ocrx_word' id='word_1_201' title='bbox 828 2585 895 2662; x_wconf 84' lang='lat' dir='ltr'>agri</span> <span class='ocrx_word' id='word_1_202' title='bbox 928 2583 1077 2661; x_wconf 87' lang='lat' dir='ltr'>Sequani,</span> <span class='ocrx_word' id='word_1_203' title='bbox 1120 2585 1172 2661; x_wconf 91' lang='lat' dir='ltr'>qui</span> 
     </span>
     <span class='ocr_line' id='line_1_28' title="bbox 136 2669 1172 2749; baseline 0.001 -20"><span class='ocrx_word' id='word_1_204' title='bbox 136 2676 218 2730; x_wconf 90' lang='lat' dir='ltr'>esset</span> <span class='ocrx_word' id='word_1_205' title='bbox 251 2670 384 2749; x_wconf 90' lang='lat' dir='ltr'>optimus</span> <span class='ocrx_word' id='word_1_206' title='bbox 418 2670 512 2729; x_wconf 89' lang='lat' dir='ltr'>totius</span> <span class='ocrx_word' id='word_1_207' title='bbox 547 2669 671 2746; x_wconf 88' lang='lat' dir='ltr'>Galliae,</span> <span class='ocrx_word' id='word_1_208' title='bbox 708 2671 922 2749; x_wconf 85' lang='lat' dir='ltr'>occupavisset</span> <span class='ocrx_word' id='word_1_209' title='bbox 956 2678 987 2730; x_wconf 88' lang='lat' dir='ltr'>et</span> <span class='ocrx_word' id='word_1_210' title='bbox 1019 2690 1100 2729; x_wconf 90' lang='lat' dir='ltr'>nunc</span> <span class='ocrx_word' id='word_1_211' title='bbox 1134 2669 1172 2730; x_wconf 93' lang='lat' dir='ltr'>de</span> 
     </span>
     <span class='ocr_line' id='line_1_29' title="bbox 136 2755 1172 2834; baseline 0.001 -20"><span class='ocrx_word' id='word_1_212' title='bbox 136 2755 233 2816; x_wconf 88' lang='lat' dir='ltr'>altera</span> <span class='ocrx_word' id='word_1_213' title='bbox 261 2763 349 2834; x_wconf 88' lang='lat' dir='ltr'>parte</span> <span class='ocrx_word' id='word_1_214' title='bbox 379 2756 471 2816; x_wconf 88' lang='lat' dir='ltr'>tertia</span> <span class='ocrx_word' id='word_1_215' title='bbox 494 2755 652 2831; x_wconf 82' lang='lat' dir='ltr'>Sequanos</span> <span class='ocrx_word' id='word_1_216' title='bbox 675 2756 824 2816; x_wconf 88' lang='lat' dir='ltr'>decedere</span> <span class='ocrx_word' id='word_1_217' title='bbox 843 2756 976 2833; x_wconf 87' lang='lat' dir='ltr'>juberet,</span> <span class='ocrx_word' id='word_1_218' title='bbox 1010 2763 1172 2834; x_wconf 88' lang='lat' dir='ltr'>propterea</span> 
     </span>
     <span class='ocr_line' id='line_1_30' title="bbox 136 2840 1171 2920; baseline 0 -21"><span class='ocrx_word' id='word_1_219' title='bbox 136 2840 217 2916; x_wconf 91' lang='lat' dir='ltr'>quod</span> <span class='ocrx_word' id='word_1_220' title='bbox 258 2842 366 2920; x_wconf 88' lang='lat' dir='ltr'>paucis</span> <span class='ocrx_word' id='word_1_221' title='bbox 405 2841 562 2900; x_wconf 89' lang='lat' dir='ltr'>mensibus</span> <span class='ocrx_word' id='word_1_222' title='bbox 601 2849 672 2901; x_wconf 90' lang='lat' dir='ltr'>ante</span> <span class='ocrx_word' id='word_1_223' title='bbox 706 2842 868 2901; x_wconf 86' lang='lat' dir='ltr'>Harudum</span> <span class='ocrx_word' id='word_1_224' title='bbox 901 2841 984 2900; x_wconf 90' lang='lat' dir='ltr'>milia</span> <span class='ocrx_word' id='word_1_225' title='bbox 1016 2842 1171 2900; x_wconf 87' lang='lat' dir='ltr'>hominum</span> 
     </span>
     <span class='ocr_line' id='line_1_31' title="bbox 134 2925 1170 3005; baseline -0.002 -18"><span class='ocrx_word' id='word_1_226' title='bbox 134 2925 247 2987; x_wconf 83' lang='lat' dir='ltr'><strong>XXIV</strong></span> <span class='ocrx_word' id='word_1_227' title='bbox 271 2926 309 2984; x_wconf 88' lang='lat' dir='ltr'>ad</span> <span class='ocrx_word' id='word_1_228' title='bbox 332 2947 401 2985; x_wconf 89' lang='lat' dir='ltr'>eum</span> <span class='ocrx_word' id='word_1_229' title='bbox 423 2927 588 3003; x_wconf 90' lang='lat' dir='ltr'>venissent,</span> <span class='ocrx_word' id='word_1_230' title='bbox 614 2927 725 3003; x_wconf 88' lang='lat' dir='ltr'>quibus</span> <span class='ocrx_word' id='word_1_231' title='bbox 747 2928 832 2986; x_wconf 90' lang='lat' dir='ltr'>locus</span> <span class='ocrx_word' id='word_1_232' title='bbox 856 2947 891 2986; x_wconf 89' lang='lat' dir='ltr'>ac</span> <span class='ocrx_word' id='word_1_233' title='bbox 915 2927 1004 2986; x_wconf 89' lang='lat' dir='ltr'>sedes</span> <span class='ocrx_word' id='word_1_234' title='bbox 1027 2946 1170 3005; x_wconf 87' lang='lat' dir='ltr'>pararen-</span> 
     </span>
     <span class='ocr_line' id='line_1_32' title="bbox 133 3011 1170 3090; baseline 0 -20"><span class='ocrx_word' id='word_1_235' title='bbox 133 3019 192 3070; x_wconf 88' lang='lat' dir='ltr'>tur.</span> <span class='ocrx_word' id='word_1_236' title='bbox 250 3011 403 3071; x_wconf 79' lang='lat' dir='ltr'>Futurum</span> <span class='ocrx_word' id='word_1_237' title='bbox 435 3031 503 3071; x_wconf 89' lang='lat' dir='ltr'>csse</span> <span class='ocrx_word' id='word_1_238' title='bbox 530 3013 637 3090; x_wconf 88' lang='lat' dir='ltr'>paucis</span> <span class='ocrx_word' id='word_1_239' title='bbox 667 3014 764 3089; x_wconf 86' lang='lat' dir='ltr'>annis,</span> <span class='ocrx_word' id='word_1_240' title='bbox 798 3014 844 3072; x_wconf 91' lang='lat' dir='ltr'>uti</span> <span class='ocrx_word' id='word_1_241' title='bbox 873 3031 977 3072; x_wconf 88' lang='lat' dir='ltr'>omnes</span> <span class='ocrx_word' id='word_1_242' title='bbox 1001 3031 1038 3071; x_wconf 87' lang='lat' dir='ltr'>ex</span> <span class='ocrx_word' id='word_1_243' title='bbox 1062 3011 1170 3071; x_wconf 86' lang='lat' dir='ltr'>Galliae</span> 
     </span>
     <span class='ocr_line' id='line_1_33' title="bbox 134 3095 1170 3176; baseline 0.001 -20"><span class='ocrx_word' id='word_1_244' title='bbox 134 3095 247 3157; x_wconf 91' lang='lat' dir='ltr'>finibus</span> <span class='ocrx_word' id='word_1_245' title='bbox 276 3098 464 3176; x_wconf 89' lang='lat' dir='ltr'>pellerentur</span> <span class='ocrx_word' id='word_1_246' title='bbox 492 3105 583 3173; x_wconf 90' lang='lat' dir='ltr'>atque</span> <span class='ocrx_word' id='word_1_247' title='bbox 613 3118 717 3158; x_wconf 91' lang='lat' dir='ltr'>omnes</span> <span class='ocrx_word' id='word_1_248' title='bbox 741 3099 885 3158; x_wconf 79' lang='lat' dir='ltr'>Germani</span> <span class='ocrx_word' id='word_1_249' title='bbox 907 3098 1049 3157; x_wconf 83' lang='lat' dir='ltr'>Rhenum</span> <span class='ocrx_word' id='word_1_250' title='bbox 1071 3104 1170 3157; x_wconf 85' lang='lat' dir='ltr'>trans-</span> 
     </span>
     <span class='ocr_line' id='line_1_34' title="bbox 133 3182 1170 3259; baseline 0 -18"><span class='ocrx_word' id='word_1_251' title='bbox 133 3182 228 3257; x_wconf 71' lang='lat' dir='ltr'>irent,</span> <span class='ocrx_word' id='word_1_252' title='bbox 273 3202 372 3259; x_wconf 88' lang='lat' dir='ltr'>neque</span> <span class='ocrx_word' id='word_1_253' title='bbox 419 3183 499 3242; x_wconf 90' lang='lat' dir='ltr'>enim</span> <span class='ocrx_word' id='word_1_254' title='bbox 538 3183 755 3243; x_wconf 77' lang='lat' dir='ltr'>conferendum</span> <span class='ocrx_word' id='word_1_255' title='bbox 796 3203 864 3244; x_wconf 89' lang='lat' dir='ltr'>esse</span> <span class='ocrx_word' id='word_1_256' title='bbox 904 3183 1056 3243; x_wconf 89' lang='lat' dir='ltr'>Gallicum</span> <span class='ocrx_word' id='word_1_257' title='bbox 1102 3202 1170 3241; x_wconf 90' lang='lat' dir='ltr'>cum</span> 
     </span>
     <span class='ocr_line' id='line_1_35' title="bbox 135 3267 1169 3345; baseline 0.001 -19"><span class='ocrx_word' id='word_1_258' title='bbox 135 3267 357 3327; x_wconf 89' lang='lat' dir='ltr'>Germanorum</span> <span class='ocrx_word' id='word_1_259' title='bbox 390 3288 481 3345; x_wconf 87' lang='lat' dir='ltr'>agro,</span> <span class='ocrx_word' id='word_1_260' title='bbox 521 3287 620 3345; x_wconf 88' lang='lat' dir='ltr'>neque</span> <span class='ocrx_word' id='word_1_261' title='bbox 658 3270 737 3329; x_wconf 89' lang='lat' dir='ltr'>hanc</span> <span class='ocrx_word' id='word_1_262' title='bbox 777 3268 1027 3330; x_wconf 89' lang='lat' dir='ltr'>consvetudinem</span> <span class='ocrx_word' id='word_1_263' title='bbox 1069 3268 1169 3328; x_wconf 87' lang='lat' dir='ltr'>victus</span> 
     </span>
     <span class='ocr_line' id='line_1_36' title="bbox 134 3353 1170 3432; baseline 0 -20"><span class='ocrx_word' id='word_1_264' title='bbox 134 3373 202 3413; x_wconf 88' lang='lat' dir='ltr'>cum</span> <span class='ocrx_word' id='word_1_265' title='bbox 235 3354 287 3413; x_wconf 86' lang='lat' dir='ltr'>illa</span> <span class='ocrx_word' id='word_1_266' title='bbox 321 3353 564 3432; x_wconf 87' lang='lat' dir='ltr'>comparandam.</span> <span class='ocrx_word' id='word_1_267' title='bbox 628 3354 817 3416; x_wconf 85' lang='lat' dir='ltr'>Ariovistum</span> <span class='ocrx_word' id='word_1_268' title='bbox 852 3362 970 3429; x_wconf 89' lang='lat' dir='ltr'>autem,</span> <span class='ocrx_word' id='word_1_269' title='bbox 1011 3361 1043 3412; x_wconf 90' lang='lat' dir='ltr'>at</span> <span class='ocrx_word' id='word_1_270' title='bbox 1076 3353 1170 3412; x_wconf 89' lang='lat' dir='ltr'>semel</span> 
     </span>
     <span class='ocr_line' id='line_1_37' title="bbox 134 3438 1170 3519; baseline -0.001 -21"><span class='ocrx_word' id='word_1_271' title='bbox 134 3439 292 3498; x_wconf 88' lang='lat' dir='ltr'>Gallorum</span> <span class='ocrx_word' id='word_1_272' title='bbox 326 3440 429 3517; x_wconf 90' lang='lat' dir='ltr'>copias</span> <span class='ocrx_word' id='word_1_273' title='bbox 462 3439 569 3517; x_wconf 88' lang='lat' dir='ltr'>proelio</span> <span class='ocrx_word' id='word_1_274' title='bbox 603 3440 727 3516; x_wconf 88' lang='lat' dir='ltr'>vicerit,</span> <span class='ocrx_word' id='word_1_275' title='bbox 762 3440 845 3516; x_wconf 91' lang='lat' dir='ltr'>quod</span> <span class='ocrx_word' id='word_1_276' title='bbox 879 3439 1020 3519; x_wconf 87' lang='lat' dir='ltr'>proelium</span> <span class='ocrx_word' id='word_1_277' title='bbox 1053 3438 1170 3499; x_wconf 82' lang='lat' dir='ltr'>factum</span> 
     </span>
     <span class='ocr_line' id='line_1_38' title="bbox 133 3524 1168 3603; baseline -0.001 -20"><span class='ocrx_word' id='word_1_278' title='bbox 133 3525 173 3583; x_wconf 92' lang='lat' dir='ltr'>sit</span> <span class='ocrx_word' id='word_1_279' title='bbox 196 3525 235 3584; x_wconf 87' lang='lat' dir='ltr'>ad</span> <span class='ocrx_word' id='word_1_280' title='bbox 257 3525 489 3602; x_wconf 86' lang='lat' dir='ltr'>Magetobriam,</span> <span class='ocrx_word' id='word_1_281' title='bbox 521 3526 653 3603; x_wconf 89' lang='lat' dir='ltr'>superbe</span> <span class='ocrx_word' id='word_1_282' title='bbox 683 3533 715 3584; x_wconf 91' lang='lat' dir='ltr'>et</span> <span class='ocrx_word' id='word_1_283' title='bbox 737 3525 901 3586; x_wconf 88' lang='lat' dir='ltr'>crudeliter</span> <span class='ocrx_word' id='word_1_284' title='bbox 922 3526 1082 3603; x_wconf 87' lang='lat' dir='ltr'>imperare,</span> <span class='ocrx_word' id='word_1_285' title='bbox 1113 3524 1168 3582; x_wconf 94' lang='lat' dir='ltr'>ob-</span> 
     </span>
     <span class='ocr_line' id='line_1_39' title="bbox 133 3609 1168 3689; baseline -0.004 -20"><span class='ocrx_word' id='word_1_286' title='bbox 133 3611 215 3670; x_wconf 87' lang='lat' dir='ltr'>sides</span> <span class='ocrx_word' id='word_1_287' title='bbox 242 3610 424 3670; x_wconf 85' lang='lat' dir='ltr'>nobilissimi</span> <span class='ocrx_word' id='word_1_288' title='bbox 454 3609 604 3687; x_wconf 85' lang='lat' dir='ltr'>oujusque</span> <span class='ocrx_word' id='word_1_289' title='bbox 632 3611 745 3670; x_wconf 89' lang='lat' dir='ltr'>liberos</span> <span class='ocrx_word' id='word_1_290' title='bbox 773 3631 900 3689; x_wconf 89' lang='lat' dir='ltr'>poscere</span> <span class='ocrx_word' id='word_1_291' title='bbox 924 3611 1007 3669; x_wconf 89' lang='lat' dir='ltr'>etin</span> <span class='ocrx_word' id='word_1_292' title='bbox 1031 3628 1082 3669; x_wconf 88' lang='lat' dir='ltr'>eos</span> <span class='ocrx_word' id='word_1_293' title='bbox 1106 3629 1168 3666; x_wconf 94' lang='lat' dir='ltr'>om-</span> 
     </span>
     <span class='ocr_line' id='line_1_40' title="bbox 132 3694 1169 3774; baseline -0.002 -20"><span class='ocrx_word' id='word_1_294' title='bbox 132 3695 182 3755; x_wconf 89' lang='lat' dir='ltr'>nia</span> <span class='ocrx_word' id='word_1_295' title='bbox 216 3696 356 3774; x_wconf 88' lang='lat' dir='ltr'>exempla</span> <span class='ocrx_word' id='word_1_296' title='bbox 389 3695 603 3773; x_wconf 89' lang='lat' dir='ltr'>cruciatusque</span> <span class='ocrx_word' id='word_1_297' title='bbox 638 3696 743 3772; x_wconf 89' lang='lat' dir='ltr'>edere,</span> <span class='ocrx_word' id='word_1_298' title='bbox 784 3697 811 3756; x_wconf 90' lang='lat' dir='ltr'>si</span> <span class='ocrx_word' id='word_1_299' title='bbox 852 3717 913 3773; x_wconf 89' lang='lat' dir='ltr'>qua</span> <span class='ocrx_word' id='word_1_300' title='bbox 950 3714 1001 3754; x_wconf 88' lang='lat' dir='ltr'>res</span> <span class='ocrx_word' id='word_1_301' title='bbox 1033 3714 1094 3754; x_wconf 89' lang='lat' dir='ltr'>non</span> <span class='ocrx_word' id='word_1_302' title='bbox 1129 3694 1169 3752; x_wconf 87' lang='lat' dir='ltr'>ad</span> 
     </span>
     <span class='ocr_line' id='line_1_41' title="bbox 132 3780 1168 3858; baseline -0.001 -19"><span class='ocrx_word' id='word_1_303' title='bbox 132 3788 240 3840; x_wconf 91' lang='lat' dir='ltr'>nutum</span> <span class='ocrx_word' id='word_1_304' title='bbox 270 3789 323 3841; x_wconf 84' lang='lat' dir='ltr'>aut</span> <span class='ocrx_word' id='word_1_305' title='bbox 353 3780 392 3840; x_wconf 92' lang='lat' dir='ltr'>ad</span> <span class='ocrx_word' id='word_1_306' title='bbox 420 3781 609 3841; x_wconf 90' lang='lat' dir='ltr'>voluntatem</span> <span class='ocrx_word' id='word_1_307' title='bbox 639 3782 707 3858; x_wconf 89' lang='lat' dir='ltr'>ejus</span> <span class='ocrx_word' id='word_1_308' title='bbox 729 3781 813 3842; x_wconf 89' lang='lat' dir='ltr'>facta</span> <span class='ocrx_word' id='word_1_309' title='bbox 836 3783 889 3856; x_wconf 77' lang='lat' dir='ltr'>sit3</span> <span class='ocrx_word' id='word_1_310' title='bbox 925 3780 1076 3839; x_wconf 89' lang='lat' dir='ltr'>hominem</span> <span class='ocrx_word' id='word_1_311' title='bbox 1099 3798 1168 3838; x_wconf 89' lang='lat' dir='ltr'>esse</span> 
     </span>
     <span class='ocr_line' id='line_1_42' title="bbox 131 3864 1169 3944; baseline -0.002 -20"><span class='ocrx_word' id='word_1_312' title='bbox 131 3867 305 3942; x_wconf 82' lang='lat' dir='ltr'>barbarum,</span> <span class='ocrx_word' id='word_1_313' title='bbox 333 3865 521 3941; x_wconf 88' lang='lat' dir='ltr'>iracundum,</span> <span class='ocrx_word' id='word_1_314' title='bbox 552 3868 765 3943; x_wconf 72' lang='lat' dir='ltr'>temerarium,</span> <span class='ocrx_word' id='word_1_315' title='bbox 800 3888 862 3927; x_wconf 90' lang='lat' dir='ltr'>non</span> <span class='ocrx_word' id='word_1_316' title='bbox 894 3885 987 3944; x_wconf 86' lang='lat' dir='ltr'>posse</span> <span class='ocrx_word' id='word_1_317' title='bbox 1015 3864 1083 3942; x_wconf 87' lang='lat' dir='ltr'>ejus</span> <span class='ocrx_word' id='word_1_318' title='bbox 1111 3864 1169 3922; x_wconf 91' lang='lat' dir='ltr'>im·</span> 
     </span>
     <span class='ocr_line' id='line_1_43' title="bbox 130 3949 1166 4031; baseline -0.003 -19"><span class='ocrx_word' id='word_1_319' title='bbox 130 3953 217 4031; x_wconf 84' lang='lat' dir='ltr'>peria</span> <span class='ocrx_word' id='word_1_320' title='bbox 250 3952 366 4011; x_wconf 86' lang='lat' dir='ltr'>diutius</span> <span class='ocrx_word' id='word_1_321' title='bbox 401 3951 560 4012; x_wconf 88' lang='lat' dir='ltr'>sustinere.</span> <span class='ocrx_word' id='word_1_322' title='bbox 623 3952 691 4012; x_wconf 86' lang='lat' dir='ltr'>Nisi</span> <span class='ocrx_word' id='word_1_323' title='bbox 725 3954 751 4012; x_wconf 91' lang='lat' dir='ltr'>si</span> <span class='ocrx_word' id='word_1_324' title='bbox 785 3952 858 4029; x_wconf 90' lang='lat' dir='ltr'>quid</span> <span class='ocrx_word' id='word_1_325' title='bbox 890 3952 922 4010; x_wconf 89' lang='lat' dir='ltr'>in</span> <span class='ocrx_word' id='word_1_326' title='bbox 958 3949 1079 4010; x_wconf 82' lang='lat' dir='ltr'>Caesare</span> <span class='ocrx_word' id='word_1_327' title='bbox 1112 3970 1166 4028; x_wconf 89' lang='lat' dir='ltr'>po-</span> 
     </span>
    </p>
   </div>
   <div class='ocr_carea' id='block_1_3' title="bbox 0 0 1340 4456">
    <p class='ocr_par' dir='ltr' id='par_1_3' title="bbox 0 0 1340 4456">
     <span class='ocr_line' id='line_1_44' title="bbox 0 0 1340 4456; baseline 0 3"><span class='ocrx_word' id='word_1_328' title='bbox 0 0 1340 4456; x_wconf 95' lang='lat' dir='ltr'> </span> 
     </span>
    </p>
   </div>
  </div>
 </body>
</html>
