2670 4456
576 257 762 312 sinuavi.
1117 271 1177 327 113

168 449 249 509 enda
276 448 403 520 (nullum
431 452 510 510 enim
538 458 658 528 poterat
687 452 838 511 universis
868 454 905 511 ab
940 454 1110 530 perterritis
1140 477 1176 516 ac

169 533 316 612 dispersis
339 536 508 612 periculum
531 536 691 610 accidere),
727 537 783 596 sed
811 538 842 596 in
872 538 1000 616 singulis
1028 540 1175 600 militibus

169 621 397 695 conservandis
422 641 490 697 quae
513 628 615 680 tamen
638 642 675 681 ex
698 629 785 699 parte
807 642 857 682 res
881 624 1067 683 adsalutem
1090 647 1175 685 exer·

169 706 248 764 citus
270 707 451 783 pertinebat.
497 707 577 765 Nam
600 714 630 765 et
653 707 766 785 praedae
790 708 942 785 cupiditas
971 711 1082 770 multos
1111 713 1175 771 lon-

167 791 235 867 gius
269 793 428 866 evocabat,
464 799 494 851 et
529 793 614 851 silvae
649 793 773 851 incertis
803 794 992 869 occultisque
1015 796 1174 858 itineribus

168 875 322 936 confertos
353 877 436 936 adire
467 878 676 955 prohibebant.
725 878 757 936 Si
786 879 942 955 negotium
970 880 1077 940 confici
1106 883 1174 941 stir-

168 981 297 1038 pemque
325 963 479 1022 hominum
502 964 718 1022 sceleratorum
740 963 868 1022 interfici
894 965 995 1039 vellet,
1021 966 1173 1027 dimitten-

164 1045 214 1105 dae
236 1049 340 1125 plures
363 1068 470 1107 manus
494 1048 717 1124 diducendique
747 1056 833 1107 erant
862 1050 988 1123 milites;
1024 1052 1050 1108 si
1079 1054 1173 1111 conti-

166 1152 238 1192 nere
261 1133 300 1191 ad
324 1135 412 1210 signa
433 1134 603 1211 manipulos
627 1135 729 1208 vellet,
749 1141 783 1192 ut
802 1135 942 1193 instituta
964 1135 1041 1194 ratio
1060 1145 1090 1194 et
1103 1158 1172 1197 con·

166 1218 296 1278 svetudo
331 1220 483 1278 exercitus
511 1220 640 1278 Romani
670 1220 860 1298 postulabat,
895 1221 983 1279 locus
1011 1221 1080 1298 ipse
1109 1232 1174 1282 erat

166 1304 309 1380 praesidio
338 1305 492 1379 barbaris,
526 1325 625 1380 neque
657 1326 694 1363 ex
725 1305 844 1364 occulto
875 1306 1040 1364 insidiandi
1070 1315 1101 1366 et
1129 1309 1173 1367 di·

165 1407 291 1466 spersos
314 1390 572 1450 circumveniendi
600 1391 729 1467 singulis
759 1391 865 1449 deerat
895 1391 1031 1450 audacia.
1077 1393 1120 1450 At
1142 1394 1173 1453 in

166 1473 316 1550 ejusmodi
339 1474 580 1545 difficultatibus,
600 1483 746 1550 quantum
766 1476 923 1552 diligentia
941 1478 1094 1555 provideri
1106 1486 1172 1556 pot-

165 1568 241 1633 erat,
272 1561 507 1638 providebatur,
543 1569 576 1618 ut
599 1562 701 1638 potius
730 1561 761 1619 in
789 1563 928 1621 nocendo
958 1563 1073 1638 aliquid
1094 1585 1172 1642 prae-

164 1646 397 1719 termitteretur,
428 1646 486 1706 etsi
516 1646 649 1704 omnium
680 1646 769 1704 animi
793 1646 832 1704 ad
854 1648 1063 1706 ulciscendum
1086 1650 1172 1708 arde-

164 1730 250 1807 bant,
280 1753 370 1808 quam
399 1753 468 1791 cum
491 1732 591 1808 aliquo
627 1732 757 1789 militum
792 1732 973 1791 detrimento
1001 1742 1170 1793 noceretur.

164 1815 299 1876 Dimittit
332 1818 371 1876 ad
404 1817 547 1880 finitimas
580 1817 721 1881 civitates
754 1817 877 1876 nuntios
909 1817 1028 1892 Caesar;
1067 1840 1171 1879 omnes

164 1910 273 1962 evocat
301 1923 356 1981 spe
385 1903 498 1980 praedae
528 1902 567 1961 ad
590 1902 776 1980 diripiendos
800 1903 976 1979 Eburones,
1004 1912 1039 1962 ut
1069 1906 1172 1983 potius

164 1986 196 2045 in
219 1989 304 2048 silvis
329 1989 485 2048 Gallorum
508 1988 579 2062 vita,
604 2008 695 2062 quam
724 1989 908 2064 legionarius
935 1990 1021 2050 miles
1052 1991 1172 2068 pericli-

162 2079 259 2150 tetur,
295 2075 384 2132 simul
412 2081 446 2132 ut
476 2094 588 2151 magna
615 2073 808 2132 multitudine
831 2075 1017 2134 circumfusa
1039 2097 1094 2153 pro
1117 2077 1171 2135 tali

162 2157 298 2218 facinore
322 2160 414 2238 stirps
439 2179 474 2218 ac
496 2179 605 2218 nomen
624 2159 756 2218 civitatis
780 2159 913 2218 tollatur.
961 2162 1093 2237 Magnus
1116 2182 1171 2219 un-

163 2243 255 2320 dique
277 2265 422 2304 numerus
447 2245 586 2303 celeriter
610 2244 760 2303 convenit.

249 2331 386 2390 XXXV.
432 2330 509 2388 Ha'eo
532 2330 564 2387 in
587 2329 729 2387 omnibus
741 2328 918 2386 Eburonum
930 2329 1070 2406 partibus
1083 2351 1168 2406 gere·

163 2416 275 2474 bantur
298 2415 425 2491 diesque
447 2415 613 2493 appetebat
630 2413 788 2490 septimus,
808 2432 897 2488 quem
915 2414 955 2471 ad
972 2414 1053 2473 diem
1066 2414 1171 2474 Oaesar

152 2500 203 2568 ‘ad
230 2501 447 2579 impedimenta
468 2500 678 2579 leg}onemque
700 2498 813 2558 reverti
846 2499 1054 2558 constituerat.
1099 2501 1168 2576 Hic,

162 2594 311 2660 quantum
332 2587 364 2645 in
385 2587 467 2645 bello
490 2585 612 2644 firtuna
628 2584 726 2660 possit
744 2590 775 2641 et
792 2590 922 2658 quantos
940 2583 1050 2644 afferat
1068 2606 1167 2663 casua,

164 2671 307 2748 cognosci
328 2672 437 2750 potuit.
492 2670 660 2747 Dissipatis
691 2689 725 2728 ac
754 2669 923 2746 perterritis
951 2671 1106 2747 hostibus,
1135 2679 1170 2731 nt

161 2756 454 2831 demonstravimus,
483 2775 591 2815 manus
621 2762 687 2813 erat
715 2754 816 2829 nulla,
840 2775 908 2830 quae
932 2777 1058 2833 parvam
1079 2759 1168 2817 modo

164 2862 288 2902 causam
317 2843 434 2902 timoris
463 2841 597 2901 afferret.
648 2841 745 2899 Trans
768 2839 910 2899 Rhenum
938 2842 977 2900 ad
1001 2843 1168 2902 Germanos

162 2929 302 3005 pervenit
319 2928 402 2988 fama
421 2928 510 3005 diripi
520 2928 681 2985 Eburones
705 2932 796 3000 atque
818 2927 898 2984 ultro
918 2946 1021 2984 omnes
1040 2928 1167 3004 adprae-

162 3012 233 3072 dam
256 3015 386 3074 evocari.
433 3012 554 3088 Cogunt
576 3012 710 3088 equitum
733 3009 792 3068 duo
815 3011 897 3068 milia
922 3010 1092 3087 Sugambri,
1117 3014 1169 3087 qui

162 3107 236 3158 sunt
257 3100 387 3178 proximi
408 3098 527 3173 Rhene,
550 3119 568 3156 a
591 3096 701 3172 quibus
724 3103 863 3171 receptos
887 3114 924 3154 ex
946 3095 1021 3172 fuga
1040 3096 1167 3156 Tencte-

163 3203 214 3243 ros
237 3193 327 3261 atque
350 3184 496 3263 Usipetes
519 3202 611 3259 supra
640 3181 813 3253 docuimus3
845 3187 1005 3239 transeunt
1026 3181 1168 3242 Rhenum

164 3271 293 3330 navibus
328 3271 507 3345 ratibusque
529 3266 627 3326 XXX
661 3266 783 3324 milibus
815 3284 962 3341 passuum
990 3266 1072 3326 infra
1100 3288 1168 3327 eum

162 3353 272 3430 locum,
295 3356 347 3414 ubi
370 3375 446 3433 pons
476 3360 541 3412 erat
569 3350 724 3430 perfectus
757 3349 993 3428 praesidiumque
1028 3354 1066 3411 ab
1102 3353 1167 3413 an-

163 3458 232 3499 sare
254 3440 411 3516 relictum,
434 3440 549 3518 primos
561 3439 740 3497 Eburonum
761 3433 838 3493 fines
850 3436 972 3513 adeunt,
996 3439 1108 3498 multos
1131 3458 1169 3498 cx

161 3523 239 3602 fuga
260 3526 415 3603 dispersos
439 3524 609 3601 excipiunt,
637 3541 747 3598 magno
764 3521 883 3598 pecoris
908 3542 1048 3598 numero,
1080 3523 1169 3599 cujus

160 3617 236 3670 sunt
259 3611 448 3689 cupidissimi
470 3609 601 3681 barbari,
625 3608 791 3685 potiuntur.
837 3606 965 3665 Invitati
981 3606 1087 3684 praeda
1103 3608 1166 3665 lon-

162 3696 232 3772 gius
260 3697 442 3775 proceduut;
473 3713 535 3753 non
557 3694 612 3752 hos
636 3693 738 3770 palus,
769 3692 800 3749 in
828 3692 908 3750 bello
938 3691 1167 3767 latrociniisque

162 3789 261 3856 natos,
284 3802 346 3841 non
368 3781 455 3840 silvae
473 3785 642 3852 morantur3
667 3777 778 3853 quibus
795 3777 827 3833 in
846 3775 921 3834 locis
939 3776 980 3834 sit
992 3774 1105 3852 Caesar,
1129 3797 1167 3835 ex

163 3867 295 3945 captivis
314 3862 470 3943 quaerunt;
493 3863 664 3941 profectum
683 3862 802 3938 longius
821 3861 975 3937 reperiunt
988 3881 1167 3937 omnemque

160 3953 330 4012 exercitum
358 3950 539 4010 discessisse
568 3952 765 4024 cognoscunt.
803 3945 906 4021 Atque
934 3965 1013 4004 unus
1035 3966 1073 4005 ex
1096 3967 1168 4026 cup·
