2670 4456
525 261 645 315 LIBER
662 262 727 317 vn.
1093 272 1151 328 121

147 457 181 516 in
203 456 339 530 Helvios,
375 455 426 531 qui
459 455 536 514 fines
548 455 755 514 Arvernorum
780 457 968 532 contingunt,
993 458 1154 516 convenire

145 543 246 619 jubet.

236 626 328 686 VHI.
373 626 432 684 His
454 626 547 684 rebus
570 626 753 703 comparatis
776 646 916 704 represso
936 627 1001 703 jam
1012 628 1155 686 Lucterio

151 721 183 772 et
204 719 328 786 remoto,
353 711 435 787 quod
457 711 570 770 intrare
597 712 678 770 intra
696 712 840 790 praesidia
868 713 1072 789 periculosum
1101 734 1155 790 pu-

150 800 245 872 tabat,
268 798 300 856 in
321 797 450 856 Helvios
472 795 683 874 proficiscitur.
730 798 800 856 Etsi
822 818 909 856 mons
929 797 1080 873 Cevenna,
1104 799 1156 873 qui

150 883 308 942 Arvernos
336 883 374 942 ab
397 882 518 941 Helviis
548 882 701 958 discludit,
731 883 892 941 durissimo
921 891 1057 961 tempore
1086 884 1156 943 anni

152 969 299 1028 altissima
320 969 390 1028 nivo
413 967 471 1027 iter
493 968 687 1046 impediebat,
711 976 812 1026 tamen
835 968 976 1027 discussa
1004 969 1074 1027 nive
1103 988 1157 1027 sex

150 1055 182 1113 in
215 1054 404 1113 altitudinem
437 1053 549 1130 pedum
583 1060 673 1129 atque
701 1055 744 1112 ita
772 1054 830 1113 viis
853 1053 1017 1131 patefactis
1041 1074 1156 1113 summo

152 1140 280 1199 militum
303 1139 413 1198 sudore
443 1139 482 1197 ad
504 1138 579 1197 fines
609 1139 817 1199 Arvernorum
844 1139 993 1216 pervenit.
1040 1140 1156 1211 Quibus

154 1226 310 1303 oppressis
343 1224 588 1302 inopinantibus,
629 1224 710 1300 quod
749 1244 782 1283 se
823 1223 964 1284 Cevenna
1006 1231 1038 1283 ut
1070 1245 1156 1284 muro

154 1313 287 1370 munitos
315 1309 539 1384 existimabant,
569 1330 605 1368 ac
633 1330 671 1369 ne
696 1310 843 1386 singulari
874 1310 996 1385 quidem
1024 1330 1157 1386 unquam

153 1397 267 1456 homini
300 1415 335 1455 eo
369 1403 505 1473 ternpore
539 1396 609 1454 anni
643 1396 758 1454 semitae
792 1403 971 1473 patuerant,
1007 1396 1158 1471 equitibus

154 1483 293 1560 imperat,
316 1479 359 1556 ut,
384 1501 474 1556 quam
496 1481 644 1539 latissime
667 1482 801 1558 possint,
832 1489 982 1557 vagentur
1010 1488 1041 1540 et
1069 1502 1160 1557 quam

154 1568 317 1627 maximum
338 1567 478 1625 hostibus
501 1574 647 1625 terrorem
669 1566 809 1624 inferant.
857 1566 1003 1625 Celeriter
1025 1567 1091 1626 haec
1114 1565 1159 1625 fa-

157 1674 206 1712 ma
240 1674 274 1712 ac
308 1653 422 1711 nuntiis
451 1651 490 1710 ad
517 1652 797 1728 Vercingetorigem
830 1651 1035 1729 perferuntur,
1070 1672 1159 1726 quem

156 1738 310 1816 perterriti
333 1757 436 1797 omnes
459 1738 591 1797 Arverni
614 1737 842 1796 circumsistunt
870 1734 961 1812 atque
984 1738 1156 1812 obsecrant,

156 1831 191 1882 ut
213 1825 276 1883 suis
289 1823 420 1882 fortunis
444 1824 592 1898 consulat,
617 1843 676 1881 neu
707 1842 740 1881 se
763 1824 800 1880 ab
832 1821 971 1880 hostibus
996 1821 1085 1899 diripi
1107 1843 1160 1900 pa—

157 1910 258 1984 tiatur,
281 1909 453 1987 praesertim
476 1929 567 1983 quum
589 1909 702 1983 videat,
722 1928 809 1966 omne
829 1908 868 1966 ad
887 1927 919 1967 se
935 1908 1049 1966 bellum
1060 1915 1159 1966 trans·

157 1996 260 2054 latum.
307 1994 442 2064 Quorum
464 1994 515 2052 ille
538 1994 680 2072 precibus
702 2001 859 2072 permotus
883 2001 990 2052 castra⁴
1014 2014 1051 2052 ex
1073 1994 1160 2051 Bitu-

157 2081 275 2157 rigibus
298 2088 401 2139 movet
422 2080 454 2138 in
475 2080 632 2139 Arvernos
655 2099 773 2139 versus.

246 2167 305 2225 IX.
350 2166 393 2223 At
416 2164 521 2224 Caesar
541 2166 667 2224 biduum
687 2166 719 2223 in
742 2166 789 2223 his
819 2165 894 2223 locis
911 2171 1061 2238 moratus,
1082 2163 1163 2237 quod
1191 2208 1194 2214 .

162 2253 227 2311 haec
251 2252 289 2310 de
316 2251 569 2327 Vercingetorige
596 2271 654 2308 usu
683 2257 812 2309 ventura
840 2249 979 2325 opinione
1006 2268 1161 2325 praecepe-

161 2345 223 2412 rat,
256 2357 312 2415 per
342 2355 465 2394 oausam
494 2335 696 2413 supplementi
726 2336 938 2409 equitatusque
967 2332 1095 2409 cogendi
1123 2334 1161 2391 ab

162 2423 296 2482 exercitu
318 2421 464 2496 discedit,
487 2422 617 2480 Brutum
640 2420 863 2479 adolescentem
885 2419 932 2477 his
951 2418 1046 2496 copiis
1063 2416 1161 2495 praefi-

163 2509 217 2582 cit;
241 2508 321 2566 hunc
345 2514 455 2581 monet,
479 2508 566 2565 utin
590 2524 694 2566 omnes
717 2512 820 2582 partes
850 2505 968 2580 equites
998 2524 1088 2578 quam
1118 2504 1161 2562 la-

160 2594 279 2653 tissime
312 2600 533 2670 pervagentur;
569 2592 711 2651 daturum
744 2610 777 2648 se
807 2610 940 2668 operam,
973 2610 1012 2648 ne
1039 2589 1160 2666 longius

162 2681 262 2741 triduo
286 2682 323 2739 ab
348 2679 458 2738 castris
482 2678 571 2737 absit.
606 2678 664 2736 His
688 2676 862 2734 constitutis
885 2677 987 2752 rebus,
1012 2675 1075 2734 suis
1097 2675 1161 2733 ino-

161 2767 347 2846 pinantibus,
382 2785 471 2841 quam
505 2763 643 2822 maximis
676 2769 779 2840 potest
810 2762 985 2835 itineribus,
1014 2762 1163 2821 Viennam

162 2853 310 2931 pervenit.
356 2852 406 2910 Ibi
429 2857 538 2908 nactus
560 2856 715 2908 recentem
739 2848 916 2924 equitatum,
940 2867 1030 2923 quem
1057 2846 1160 2904 multis

163 2945 232 2998 ante
261 2937 369 2996 diebus
398 2956 433 2995 eo
461 2935 665 3012 praemiserat,
697 2953 796 3008 neque
824 2933 931 2991 diurno
959 2950 1058 3007 neque
1091 2950 1161 2989 noc·

161 3030 249 3083 turno
271 3023 379 3082 itinere
402 3021 575 3080 intermisso
597 3017 751 3098 perfines
780 3018 968 3077 Haeduorum
996 3017 1027 3074 in
1049 3015 1161 3091 Lingo-

161 3129 216 3168 nes
239 3107 404 3183 contendit,
429 3107 481 3165 ubi
504 3105 571 3164 duae
594 3105 730 3182 legiones
753 3104 936 3176 hiemabant,
966 3108 1008 3175 ut,
1033 3101 1060 3159 si
1089 3100 1162 3176 quid

164 3196 254 3254 etiam
278 3194 315 3252 de
339 3213 395 3252 sua
417 3192 516 3251 salute
545 3192 582 3249 ab
604 3190 734 3248 Haeduis
752 3190 880 3249 iniretur
908 3187 1034 3262 consilii,
1058 3186 1162 3245 celeri·

161 3287 224 3340 tate
257 3285 468 3358 praecurreret.
524 3277 571 3335 Eo
605 3296 698 3352 quum
731 3275 931 3353 pervenisset,
967 3274 1006 3332 ad
1028 3273 1161 3348 reliquas

162 3367 298 3443 legiones
328 3364 429 3439 mittit,
459 3362 604 3441 priusque
635 3380 739 3419 omnes
760 3361 792 3418 in
822 3380 916 3419 unum
944 3360 1043 3418 locum
1071 3358 1161 3435 cogit,

163 3472 254 3527 quarn
287 3450 325 3508 de
354 3449 421 3526 ejus
451 3447 584 3507 adventu
607 3447 756 3506 Arvernis
778 3446 912 3505 nuntiari
934 3453 1049 3523 posset.
1094 3444 1162 3501 Hac

162 3557 195 3596 re
219 3536 340 3614 cognita
362 3534 596 3610 Vercingetorix
624 3552 731 3590 rursus
759 3533 792 3590 in
813 3532 969 3608 Bituriges
998 3529 1162 3589 exercitum

162 3622 291 3697 reducit,
316 3628 407 3696 atque
429 3618 499 3678 inde
521 3616 678 3696 profectus
702 3617 918 3694 Gorgobinam,
941 3614 1088 3691 Bojorum
1110 3632 1162 3689 op-

162 3707 276 3786 pidum,
312 3725 387 3782 quos
416 3705 460 3762 ibi
488 3704 648 3764 Helvetico
677 3703 783 3781 proelio
813 3703 911 3762 victos
941 3699 1045 3758 Caesar
1072 3698 1163 3756 collo-

163 3802 287 3854 caverat
309 3790 498 3865 Haeduisque
521 3789 712 3863 attribuerat,
736 3790 912 3866 oppugnare
935 3784 1076 3843 instituit.

248 3878 289 3937 X.
334 3876 477 3952 Magnam
500 3874 566 3932 haec
588 3894 638 3934 res
662 3873 777 3933 Caesari
799 3871 1010 3930 difficultatem
1037 3868 1077 3927 ad
1093 3888 1164 3928 con-

164 3964 265 4023 silium
288 3961 469 4040 capiendum
497 3957 661 4019 afferebat:
692 3959 718 4018 si
748 3958 895 4033 reliquam
917 3963 1036 4033 partem
1057 3953 1164 4013 hiemis
