2670 4456
160 265 202 321 68
476 255 529 308 nn
548 252 675 307 annno
695 251 864 308 emmae

248 449 370 510 XXVI.
415 449 588 524 Pugnatum
611 454 659 507 est
687 448 724 506 ab
753 447 892 523 utrisque
920 446 1045 520 acriter3
1075 446 1173 506 nostri

162 544 275 607 tamen,
299 534 382 610 quod
412 553 511 609 neque
540 533 662 592 ordines
693 553 817 592 servare
844 552 944 609 neque
972 531 1101 592 firmiter
1128 532 1172 590 in-

163 623 273 682 sistere
295 640 395 695 neque
418 619 505 696 signa
538 618 685 694 subsequi
713 626 856 697 poterant
884 625 975 694 atque
1005 619 1084 677 alius
1114 618 1173 676 alia

165 728 203 766 ex
230 706 311 780 navi,
347 705 578 781 quibuscunque
612 705 708 781 signis
738 711 927 780 occurrerat,
963 723 996 764 se
1025 724 1173 781 aggrega-

162 794 226 867 bat,
255 810 439 869 magnopere
461 791 734 869 perturbabantur3
763 790 869 849 hostes
896 810 969 850 vero
999 790 1081 848 notis
1111 810 1172 848 om-

166 879 256 937 nibus
279 877 377 953 vadis,
410 876 463 935 ubi
497 897 534 936 ex
555 876 644 935 litore
678 875 797 951 aliquos
832 876 1004 953 singulares
1038 895 1076 934 ex
1098 876 1171 935 navi

164 963 355 1040 egredientes
379 969 616 1040 conspexerant,
645 961 779 1020 incitatis
808 961 894 1037 equis
922 961 1085 1038 impeditos
1120 961 1173 1020 ad-

164 1050 353 1115 oriebantur;
377 1048 482 1126 plures
499 1067 614 1125 paucos
636 1047 915 1122 circumsistebant,
940 1048 991 1106 alii
1014 1048 1052 1106 ab
1075 1047 1172 1106 latere

164 1142 269 1211 aperto
294 1134 326 1192 in
348 1133 509 1194 universos
531 1133 594 1192 tela
617 1133 829 1209 conjiciebant.
876 1132 966 1204 Quod
995 1153 1087 1208 quum
1109 1133 1172 1191 ani-

165 1219 383 1280 madvertisset
411 1217 529 1293 Caesar,
571 1218 702 1295 scaphas
735 1219 895 1296 longarum
926 1217 1067 1292 navium,
1101 1219 1174 1276 item

164 1305 369 1384 speculatoria
396 1305 520 1381 navigia
547 1304 695 1362 militibus
727 1304 870 1382 compleri
894 1304 989 1381 jussit
1017 1311 1062 1379 et,
1095 1323 1172 1379 quos

162 1392 337 1450 laborantes
361 1395 571 1468 conspexerat,
595 1389 633 1448 iis
656 1389 794 1448 subsidia
816 1391 1031 1448 summittebat.
1066 1389 1173 1449 Nostri

165 1477 254 1534 simul
276 1477 307 1534 in
330 1475 415 1534 arido
439 1475 651 1549 constiterunt,
676 1476 740 1533 suis
769 1476 908 1534 omnibus
937 1475 1112 1534 consecutis
1140 1475 1172 1532 in

163 1563 269 1620 hostes
291 1561 438 1638 impetum
460 1560 599 1620 iecerunt
621 1567 712 1636 atque
735 1581 787 1621 eos
815 1561 847 1619 in
876 1560 982 1638 fugam
1013 1561 1171 1635 dederunt,

163 1667 262 1723 neque
285 1647 406 1724 longius
428 1647 573 1725 prosequi
594 1654 767 1724 potuerunt,
798 1647 879 1722 quod
908 1647 1026 1722 equites
1050 1666 1173 1706 cursum

163 1741 268 1792 tenere
291 1740 382 1809 atque
404 1732 535 1791 insulam
558 1752 667 1809 capere
689 1752 750 1791 non
771 1737 943 1809 potuerant.
988 1732 1057 1791 Hoc
1079 1751 1173 1790 unum

164 1819 204 1877 ad
225 1819 385 1897 pristinam
407 1817 560 1878 fortunam
584 1817 699 1876 Caesari
722 1817 828 1877 defuit.

248 1904 388 1963 XXVII.
422 1904 538 1963 Hostes
560 1903 667 1982 proelio
692 1903 836 1981 superati,
861 1903 950 1962 simul
969 1909 1061 1978 atque
1078 1922 1112 1962 se
1131 1922 1169 1961 ex

164 1988 238 2066 fuga
266 1996 456 2067 receperunt,
491 1988 595 2048 statim
623 1989 662 2048 ad
691 1987 844 2048 Caesarem
876 1989 995 2066 legatos
1030 1988 1068 2047 de
1096 2008 1173 2066 pace

163 2075 326 2149 miserunt,
352 2075 475 2133 obsides
499 2075 632 2150 daturos,
657 2095 786 2150 quaeque
814 2075 1004 2152 imperasset,
1035 2072 1172 2133 facturos

164 2180 233 2221 sese
254 2160 384 2238 polliciti
407 2166 486 2218 sunt.
531 2160 602 2218 Una
625 2180 693 2219 cum
715 2160 763 2219 hIs
786 2160 896 2238 legatis
916 2159 1069 2220 Commius
1081 2158 1172 2218 Atre-
1230 2164 1240 2175 “

163 2249 221 2306 bas
248 2245 346 2321 venit,
382 2266 471 2321 quem
500 2264 593 2323 supra
623 2245 905 2306 demonstraveram
936 2267 954 2304 a
983 2244 1107 2304 Caesare
1141 2244 1173 2303 in

163 2332 355 2391 Britanniam
387 2331 589 2410 praemissum.
641 2332 732 2390 Hunc
765 2332 811 2390 illi
844 2352 860 2391 e
893 2332 965 2392 navi
1000 2350 1171 2408 egressum,

165 2437 258 2494 quum
281 2417 321 2475 ad
343 2437 395 2476 eos
425 2417 554 2476 oratoris
582 2417 672 2476 modo
703 2416 834 2476 Caesaris
860 2417 1004 2476 mandata
1028 2415 1171 2490 deferret,

165 2503 457 2580 comprehenderant
480 2509 571 2578 atque
593 2503 626 2561 in
643 2503 765 2562 vincula
783 2501 991 2578 conjecerant;
1015 2509 1081 2560 tum
1092 2521 1172 2580 proe-

164 2588 205 2646 lio
229 2588 311 2647 facto
334 2589 517 2647 remiserunt
540 2595 571 2647 et
592 2589 624 2646 in
645 2587 778 2666 petenda
799 2608 877 2666 pace
901 2587 966 2665 ejus
988 2587 1033 2646 rei
1051 2588 1173 2665 culpam

164 2674 196 2731 in
217 2672 440 2732 multitudinem
464 2673 660 2749 conjecerunt
677 2681 716 2747 et,
739 2681 865 2752 propter
886 2673 1121 2751 imprudentiam
1139 2679 1173 2731 ut

78 2834 80 2837 ι
164 2760 383 2835 ignosceretur,
407 2759 590 2837 petiverunt.
646 2757 750 2818 Caesar
778 2765 919 2835 questus,
950 2758 1047 2834 quod,
1079 2778 1174 2833 quum

165 2843 245 2902 ultro
260 2844 299 2901 in
323 2842 527 2903 continentem
549 2843 659 2921 legatis
680 2845 782 2903 missis
811 2865 919 2923 pacem
949 2844 986 2902 ab
1016 2862 1049 2902 se
1076 2844 1172 2921 petis·

165 2936 248 3004 sent,
278 2928 393 2990 bellum
426 2930 493 2988 sine
521 2948 615 2988 causa
642 2930 834 3007 intulissent,
866 2931 1026 3007 ignoscere
1056 2930 1170 3007 impru-

165 3015 276 3074 dentiae
311 3014 387 3073 dixit
427 3014 611 3090 obsidesque
650 3015 825 3092 imperavit,
866 3035 994 3091 quorum
1025 3015 1070 3072 illi
1101 3035 1172 3092 par-

164 3107 227 3159 tem
256 3101 360 3158 statim
389 3101 553 3176 dederunt,
588 3108 706 3179 partem
740 3121 778 3160 ex
804 3100 1067 3178 longinquioribus
1095 3099 1173 3159 locis

166 3186 344 3245 arcessitam
365 3187 472 3263 paucis
491 3186 599 3246 diebus
623 3206 691 3246 sese
715 3186 839 3246 daturos
863 3186 1012 3244 dixerunt.
1047 3185 1174 3245 Interea

166 3290 238 3329 suos
271 3271 437 3348 remigrare
469 3273 502 3331 in
531 3291 621 3350 agros
639 3272 808 3349 jusserunt,
838 3272 1054 3350 principesque
1082 3270 1173 3329 undi-

166 3375 225 3432 que
248 3356 409 3416 convenire
433 3365 519 3417 etse
542 3358 744 3434 civitatesque
772 3376 844 3416 suas
873 3356 989 3416 Caesari
1018 3375 1173 3415 commen-

166 3441 240 3500 dare
263 3449 429 3519 coeperunt.

250 3526 408 3586 XXVIII.
453 3528 512 3585 His
528 3529 620 3586 rebus
635 3547 713 3605 pace
732 3525 920 3602 confirmata,
938 3534 1010 3604 post
1022 3526 1103 3585 diem
1114 3527 1174 3602 IV,

169 3633 260 3689 quam
283 3618 330 3670 est
346 3612 377 3670 in
390 3612 579 3671 Britanniam
590 3621 723 3689 ventum,
746 3633 841 3672 naves
853 3613 979 3687 XVIII,
1003 3611 1041 3670 de
1060 3612 1174 3687 quibus
1216 3691 1217 3694 Ἴ

166 3718 259 3775 supra
281 3697 522 3756 demonstratum
556 3704 612 3773 est,
647 3718 714 3773 quae
749 3699 866 3774 equites
900 3698 1099 3773 sustulerant,
1136 3718 1176 3758 ex

166 3783 322 3861 superiore
344 3790 434 3860 portu
457 3782 518 3840 leni
540 3790 631 3841 vento
660 3783 826 3843 solverunt.
880 3784 955 3854 Quae
991 3803 1084 3859 quum
1119 3804 1174 3861 ap·

165 3869 405 3946 propinquarent
426 3868 594 3926 Britanniae
618 3874 708 3925 etex
731 3870 839 3928 castris
869 3869 1056 3944 viderentur,
1086 3875 1176 3927 tanta

166 3959 333 4030 tempestas
368 3954 470 4013 subito
505 3958 609 4012 coorta
638 3960 699 4029 est,
734 3960 768 4011 ut
800 3955 883 4013 nulla
913 3974 1016 4013 earum
1046 3973 1175 4014 cursum
