2670 4456
180 256 241 314 168
480 249 532 303 ΒΕ
550 248 678 305 BELLO
697 247 877 304 GALLIOO.

179 443 269 519 dinis,
293 451 374 504 esset
396 442 591 518 interfectus3
615 465 768 520 nunquam
791 444 870 504 enim
893 451 1032 504 senatum
1058 449 1178 503 tantum

178 529 208 588 in
232 530 355 590 civitate
376 529 429 589 illo
441 531 522 606 vivo,
546 538 691 606 quantum
707 531 878 609 imperitam
894 531 1016 608 plebem
1026 529 1175 608 potuisse.

264 615 374 674 XXII.
419 617 496 675 Haec
519 616 676 676 orantibus
703 617 813 695 legatis
837 623 1051 677 commemorat
1073 615 1180 675 Oaesar

180 701 287 760 eodem
318 709 454 779 tempore
488 703 643 780 superiore
677 723 754 762 anno
782 703 964 763 Bellovacos
998 710 1179 777 ceterasque

181 786 288 846 Galliae
317 787 458 848 civitates
490 789 664 867 suscepisse
691 789 818 865 bellum3
851 788 1095 867 pertinacissime
1122 788 1180 847 hos

179 892 217 931 ex
240 873 379 932 omnibus
401 874 433 932 in
456 875 607 933 sententia
624 875 830 953 permansisse
847 894 946 950 neque
964 874 1004 933 ad
1016 873 1179 933 sanitatem

179 958 364 1034 reliquorum
386 958 539 1020 deditione
562 979 630 1020 esse
652 960 832 1038 perductos3
868 960 946 1020 scire
976 966 1067 1036 atque
1089 959 1178 1018 intel·

178 1045 275 1122 ligere
315 1064 348 1104 se
389 1065 513 1105 causam
546 1047 665 1124 peccati
698 1046 842 1106 facillime
875 1045 1002 1105 mortuis
1031 1045 1178 1122 delegari,

178 1131 328 1189 neminem
360 1151 433 1191 vero
466 1139 585 1191 tantum
617 1133 741 1210 pollere,
773 1139 809 1192 ut
839 1132 943 1193 invitis
978 1131 1177 1210 principibus,

179 1216 343 1276 resistente
365 1224 483 1292 senatu,
508 1218 646 1278 omnibus
667 1219 755 1278 bonis
778 1217 1030 1296 repugnantibus,
1057 1215 1179 1276 infirma

179 1322 269 1361 manu
300 1302 400 1381 plebis
432 1303 546 1362 bellum
575 1304 726 1363 concitare
760 1311 791 1364 et
822 1324 930 1382 gerere
954 1311 1083 1381 *posset3
1120 1303 1176 1362 sed

179 1395 281 1447 tamen
304 1407 338 1447 se
361 1395 536 1448 contentum
558 1388 624 1449 fore
647 1410 683 1449 ea
704 1410 803 1468 poena,
828 1410 917 1466 quam
940 1389 1079 1467 sibiipsi
1107 1408 1178 1448 oon-

180 1475 357 1533 traxissent.

265 1559 393 1618 XXIII.
439 1559 537 1620 Nocte
559 1561 731 1637 insequenti
753 1562 848 1640 legati
869 1581 1018 1640 responsa
1041 1560 1081 1619 ad
1103 1579 1179 1619 suos

180 1644 333 1721 referrmt,
369 1644 491 1705 obsides
528 1645 699 1706 conficiunt.
762 1647 953 1707 Concurrunt
992 1646 1179 1722 reliquarum

180 1731 338 1791 civitatum
360 1731 462 1807 legati,
486 1751 554 1806 quae
566 1733 800 1794 Bellovacorum
827 1734 1066 1810 speculabantur
1087 1752 1179 1792 even-

179 1825 252 1876 tum.
298 1816 431 1877 Obsides
454 1817 536 1893 dant,
566 1819 713 1896 imperata
740 1818 857 1879 faciunt
880 1826 1006 1896 excepto
1031 1817 1177 1891 Commio,

180 1922 269 1977 quem
291 1903 380 1961 timor
396 1902 578 1980 prohibebat
595 1903 776 1981 cujusquam
792 1903 863 1963 fidei
884 1925 970 1964 suam
988 1905 1178 1963 committere

181 1987 319 2047 salutem.
370 1987 450 2047 Nam
477 1990 632 2066 superiore
661 2011 738 2050 anno
767 1992 801 2049 Τ.
825 1991 979 2050 Labienus
1004 1988 1126 2049 Caesare
1148 1990 1180 2047 in

181 2072 282 2132 Gallia
305 2073 444 2132 citeriore
463 2073 516 2148 jus
540 2073 659 2134 dicente
679 2096 771 2151 quum
789 2076 955 2135 Commium
978 2075 1180 2153 comperisset

181 2159 346 2218 sollicitare
380 2159 519 2219 civitates
553 2167 584 2219 et
617 2159 853 2238 conjurationem
887 2169 992 2221 contra
1026 2160 1180 2220 Caesarem

180 2245 292 2321 facere,
309 2243 520 2305 infidelitatem
539 2245 605 2322 ejus
624 2247 688 2306 sine
707 2248 769 2306 ulla
785 2247 913 2326 perfidia
925 2247 1078 2324 judicavit
1096 2266 1177 2305 com-

181 2332 271 2411 primi
292 2351 393 2410 posse.
446 2331 543 2402 Quem
571 2333 642 2409 quia
668 2354 729 2393 non
757 2334 962 2393 arbitrabatur
984 2339 1127 2394 vocatum
1148 2332 1181 2391 in

182 2425 283 2477 castra
304 2425 474 2489 venturum,
497 2438 536 2477 ne
558 2419 702 2479 tentando
726 2419 890 2479 cautiorem
916 2417 1041 2493 faceret,
1069 2418 1105 2478 G.
1118 2418 1182 2477 Vo-

181 2506 322 2563 lusenum
352 2503 541 2574 Quadratum
568 2504 664 2580 misit,
700 2507 751 2581 qui
779 2526 847 2565 eum
874 2524 929 2583 per
958 2504 1182 2563 simulationem

181 2589 323 2665 colloquii
345 2596 466 2648 curaret
486 2589 736 2650 interficiendum.
781 2591 833 2649 Ad
862 2611 928 2650 eam
956 2610 1020 2649 rem
1043 2589 1182 2649 delectos

184 2673 329 2747 [idoneos]
365 2675 392 2732 ei
424 2675 519 2733 tradit
552 2677 752 2736 centuriones.
810 2677 910 2748 Quum
942 2677 973 2735 in
996 2675 1181 2751 colloquium

180 2767 305 2820 ventum
328 2766 410 2818 esset
433 2766 472 2834 et,
500 2768 534 2818 ut
561 2770 754 2838 convenerat,
782 2783 904 2822 manum
933 2761 1059 2821 Commii
1086 2761 1147 2821 Vol
1169 2795 1181 2804 ·

181 2864 273 2905 senus
299 2845 488 2922 arripuisset,
512 2847 646 2906 centurio
669 2848 719 2907 vel
740 2848 861 2908 insueta
893 2868 927 2907 re
951 2854 1107 2925 permotus
1131 2847 1181 2907 vel

182 2932 322 2991 celeriter
361 2951 379 2990 a
416 2929 618 2990 familiaribus
654 2934 825 3010 prohibitus
869 2933 995 2993 Commii
1029 2931 1180 2992 conficere

179 3018 330 3077 hominem
351 3036 412 3075 non
434 3016 547 3094 potuit3
571 3019 706 3095 graviter
728 3026 830 3079 tamen
859 3020 955 3097 primo
984 3019 1048 3077 ictu
1077 3019 1181 3095 gladio

181 3110 272 3181 caput
293 3103 455 3180 percussit.
502 3101 603 3174 Quum
624 3105 765 3180 utrinque
786 3105 881 3182 gladii
904 3105 1042 3163 destricti
1065 3110 1180 3179 essent,

180 3209 239 3248 non
279 3194 341 3246 tam
373 3189 530 3266 pugnandi
557 3209 648 3264 quam
678 3190 858 3268 diffugiendi
896 3190 955 3248 fuit
983 3198 1181 3265 utrorumque

181 3274 347 3349 consilium,
369 3281 551 3350 nostrorum,
575 3275 657 3350 quod
678 3276 832 3335 mortifero
862 3276 988 3336 vulnere
1012 3274 1182 3334 Commium

180 3359 346 3418 credebant
380 3357 533 3435 affectum,
569 3360 741 3436 Gallorum,
781 3361 863 3437 quod
896 3361 1015 3420 insidiis
1049 3361 1182 3438 cognitis

179 3446 276 3523 plura,
311 3465 401 3520 quam
423 3444 577 3521 videbant,
613 3447 861 3507 extimescebant.
921 3447 986 3519 Quo
1009 3445 1093 3506 fecto
1118 3455 1181 3506 sta·

179 3531 275 3591 tuisse
298 3529 450 3590 Commius
474 3531 632 3590 dicebatur
661 3553 816 3608 nunquam
843 3532 875 3591 in
906 3540 1104 3610 conspectum
1128 3553 1180 3592 cu-

177 3616 322 3693 jusquam
343 3616 474 3674 Romani
496 3617 608 3677 venire.
1151 3676 1157 3693 ,

264 3702 384 3762 XXIV.
408 3701 656 3761 Bellicosissimis
669 3704 811 3779 gentibus
824 3703 953 3764 devictis
966 3703 1070 3763 Ceasar
1088 3725 1182 3780 quum

178 3788 297 3848 videret
318 3787 432 3846 nullam
450 3787 515 3864 jam
539 3807 607 3848 esse
631 3789 795 3864 civitatem,
820 3809 887 3864 quae
910 3789 1023 3848 bellum
1045 3800 1181 3867 pararet,

178 3895 237 3949 quo
261 3874 319 3932 sibi
340 3873 507 3947 resisteret,
532 3873 586 3932 sed
608 3875 769 3934 nonnullos
793 3895 830 3933 ex
853 3874 973 3952 oppidis
997 3874 1181 3954 demigrare,

177 3979 214 4019 ex
237 3959 319 4037 agris
342 3956 492 4034 diffugere
515 3958 554 4016 ad
575 3979 712 4037 praesens
723 3960 881 4038 imperium
905 3959 1089 4037 evitandum,
1111 3962 1181 4040 plu-
