2670 4456
175 275 236 332 138
489 266 543 319 DE
561 265 688 319 BELLO
708 265 885 320 GALLIGO.

174 469 224 520 tur
247 461 344 519 Gallis
367 461 500 538 suspicio
524 468 615 535 atque
638 480 742 519 omnes
764 460 816 519 illc
840 457 1107 532 [admunitionem]
1126 479 1177 518 co-

174 548 233 625 piae
255 546 466 606 traducuntur.
511 547 619 605 Vacua
642 553 744 606 castra
765 546 898 604 hostium
921 544 1026 604 Gaesar
1056 545 1176 622 conspi-

88 680 90 685 ,
175 641 271 706 catus,
295 632 385 690 tectis
407 631 578 708 insignibus
601 652 724 691 suorum
747 631 967 705 occultatisque
998 631 1095 707 signis
1122 631 1177 688 mi-

174 718 314 776 litaribus
346 737 432 776 raros
465 718 586 789 milites,
619 737 659 776 ne
692 738 729 776 ex
759 716 869 794 oppido
900 716 1177 775 animadverteren-

175 813 234 877 tur,
258 823 295 861 ex
317 803 483 877 majoribus
507 804 616 862 castris
638 804 669 862 in
692 803 808 860 minora
830 801 972 877 traducit,
995 802 1177 878 legatisque,

178 908 255 964 quos
289 889 417 966 singulis
451 888 621 965 legionibus
654 888 852 967 praefecerat,
887 886 960 962 quid
993 887 1059 945 fieri
1092 887 1178 961 velit,

177 972 327 1049 ostendit;
362 975 393 1032 in
422 974 527 1052 primis
561 981 672 1049 monet,
707 981 742 1032 ut
775 973 950 1032 contineant
977 973 1104 1047 militae,
1138 992 1178 1031 ne

175 1059 275 1119 studio
298 1059 455 1137 pugnandi
477 1067 529 1118 aut
551 1080 606 1137 spe
633 1058 747 1137 praedae
777 1059 897 1134 longius
925 1058 1175 1135 progrediantur3

176 1145 249 1221 quid
282 1146 427 1220 iniquitas
460 1146 520 1204 loci
552 1146 665 1204 habeat
698 1143 890 1218 incommodi,
924 1143 1081 1222 proponit,
1117 1144 1177 1202 hoe

175 1251 236 1290 una
259 1232 414 1290 celeritate
447 1251 538 1308 posse
561 1231 667 1304 vitari;
704 1231 873 1289 occasionis
906 1249 975 1288 esse
1007 1249 1081 1304 rem,
1116 1249 1178 1288 non

175 1317 284 1394 proelii.
330 1317 388 1375 His
411 1317 503 1374 rebus
532 1316 679 1393 expositis
709 1316 830 1393 signum
864 1315 916 1374 dat
944 1322 975 1374 et
1003 1316 1040 1373 ab
1069 1315 1179 1373 dextra

175 1409 262 1479 parte
286 1402 344 1460 alio
368 1421 498 1460 ascensu
522 1401 629 1460 eodem
651 1409 786 1478 tempore
808 1400 945 1461 Haeduos
968 1401 1070 1459 mittit.
1144 1396 1149 1402 ’

262 1487 378 1547 XLVI.
425 1486 538 1564 Oppidi
554 1507 658 1546 murus
679 1488 716 1546 ab
728 1487 854 1564 planitie
867 1494 958 1561 atque
970 1486 1055 1544 initio
1069 1506 1176 1545 ascen-

177 1591 228 1630 sus
251 1579 335 1631 recta
353 1573 486 1648 regione,
506 1573 532 1631 si
549 1573 651 1631 nullus
671 1571 838 1632 amfractus
855 1571 1067 1646 intercederet,
1090 1571 1178 1630 Moe

177 1678 288 1735 passus
311 1659 429 1731 aberat,
466 1658 609 1734 quicquid
642 1659 702 1717 huc
737 1658 882 1717 circuitus
917 1657 956 1716 ad
979 1657 1177 1716 molliendum

177 1744 288 1802 cliuum
310 1752 492 1819 accesserat,
515 1745 548 1802 id
570 1744 703 1821 spatium
729 1744 847 1802 itineris
877 1745 1018 1819 augebat.
1063 1743 1092 1801 A
1115 1763 1178 1801 me-

177 1829 225 1887 dio
249 1828 314 1888 fere
338 1830 414 1888 colle
436 1830 474 1887 in·
490 1830 725 1906 longitudinem,
756 1836 789 1887 ut
817 1836 927 1887 natura
955 1829 1067 1887 montis
1096 1827 1176 1887 fere-

176 1915 240 1987 bat,
264 1934 301 1973 ex
322 1915 490 1991 grandibus
513 1915 596 1973 saxis
619 1935 673 1974 sex
696 1915 808 1992 pedum
830 1935 959 1989 murum,
983 1915 1035 1988 qui
1056 1921 1179 1973 nostro-

175 2018 242 2057 rum
264 2000 409 2076 impetum
431 2000 576 2074 tardaret,
600 2001 815 2078 praeduxerant
828 2000 909 2058 Galli
926 2007 1016 2075 atque
1034 1999 1178 2058 inferiore

177 2086 257 2143 omni
280 2086 378 2162 spatio
401 2105 498 2144 vacuo
521 2086 625 2144 relicto
650 2087 837 2163 superiorem
863 2092 981 2162 partem
1012 2086 1098 2144 collis
1126 2106 1177 2144 us-

178 2191 236 2245 que
259 2171 298 2229 ad
320 2192 437 2230 murum
460 2171 563 2248 oppidi
586 2171 776 2230 densissimis
806 2171 915 2230 castris
939 2171 1176 2248 compleverant.

67 2313 70 2316 .
178 2256 292 2316 Milites
315 2257 386 2315 dato
416 2257 503 2334 signo
532 2257 673 2316 celeriter
703 2257 743 2316 ad
769 2257 967 2315 munitionem
995 2257 1180 2333 perveniunt

177 2362 305 2418 eamque
327 2344 513 2419 transgressi
535 2343 623 2401 trinis
658 2342 767 2401 castris
790 2343 956 2420 potiuntur.
1012 2343 1058 2401 Ac
1092 2349 1180 2400 tanta

176 2426 235 2486 fuit
256 2429 287 2486 in
310 2429 419 2487 castris
452 2429 609 2506 capiendis
642 2429 791 2502 celeritas,
825 2435 859 2485 ut
881 2428 1094 2502 TeutomatuS,
1124 2448 1180 2486 rex

177 2512 397 2591 Nitiobrogum,
422 2515 523 2573 subito
545 2515 577 2572 in
599 2514 794 2573 tabernaculo
819 2532 994 2591 oppressus,
1007 2513 1179 2572 utmcridie

178 2600 403 2674 conquieverat,
427 2600 583 2676 superiore
607 2600 743 2676 corporis
773 2606 860 2676 parte
893 2598 983 2673 nuda,
1018 2599 1178 2658 vulnerato

178 2703 255 2758 equo
278 2685 330 2744 vix
353 2704 386 2742 se
410 2705 447 2742 ex
468 2685 608 2744 manibus
630 2685 832 2763 praedantium
855 2685 983 2742 militum
1007 2684 1147 2761 eriperet.

262 2769 396 2828 XLVII.
443 2768 633 2850 Consecutus
655 2771 696 2844 id,
726 2769 808 2846 qnod
836 2770 935 2828 animo
965 2778 1177 2847 proposuerat,

178 2852 282 2913 Caesar
303 2856 441 2932 receptui
464 2856 532 2913 cani
550 2855 654 2931 jussit,
677 2855 867 2933 legionisque
885 2855 1019 2930 decimae,
1045 2875 1179 2931 quacum

177 2947 251 3015 erat,
276 2941 363 3017 signa
386 2941 596 2999 constiterunt.
641 2941 688 3000 Ac
717 2941 902 3016 reliquarum
924 2941 1077 3016 legionum
1100 2941 1178 2999 mili-

176 3032 223 3084 tes
245 3046 306 3085 non
328 3026 471 3085 exaudito
494 3046 568 3086 sono
602 3028 699 3101 tubae,
735 3026 816 3102 quod
850 3027 925 3084 satis
947 3047 1058 3103 magna
1080 3026 1178 3086 valles

176 3111 394 3186 intercedebat,
418 3119 520 3171 tamen
544 3113 581 3170 ab
604 3113 734 3171 tribunis
764 3111 893 3170 militum
925 3111 1106 3187 legatisque,
1142 3121 1177 3169 ut

177 3204 243 3255 erat
266 3217 283 3255 a
307 3195 429 3256 Caesare
456 3205 653 3274 praeceptum,
683 3198 908 3278 retinebantur,
939 3196 994 3255 sed
1023 3196 1094 3256 elati
1123 3217 1179 3274 spe

178 3282 285 3340 celeris
307 3282 442 3341 victoriae
466 3290 496 3340 et
517 3283 651 3342 hostium
678 3282 752 3359 iuga
782 3291 813 3341 et
840 3283 1031 3361 superiorum
1059 3289 1177 3360 tempo-

176 3388 243 3425 rum
266 3366 410 3425 secundis
432 3368 547 3444 proeliis
569 3369 644 3427 nihil
668 3369 743 3427 adeo
772 3368 899 3427 arduum
930 3368 990 3426 sibi
1018 3387 1087 3428 esse
1116 3369 1178 3427 exi-

177 3453 385 3527 stimaverunt,
420 3453 502 3528 quod
529 3474 589 3512 non
611 3455 725 3514 virtute
749 3455 893 3528 consequi
915 3461 1051 3531 possent,
1076 3472 1177 3529 neque

175 3537 274 3596 finem'
287 3537 372 3615 prius
395 3538 543 3614 sequendi
564 3539 712 3613 fecerunt,
743 3559 834 3613 quam
861 3559 946 3598 muro
976 3539 1079 3616 oppidi
1107 3559 1177 3616 por-

175 3623 277 3698 tisque
299 3625 587 3702 appropinquarunt.
644 3625 722 3682 Tum
754 3644 827 3684 vero
862 3645 898 3683 ex
929 3625 1067 3683 omnibus
1091 3624 1176 3682 urbis

175 3709 314 3785 partibus
349 3717 414 3769 orto
449 3710 590 3784 clamore,
625 3709 676 3785 qui
709 3709 830 3786 longius
859 3711 995 3783 aberant,
1018 3710 1177 3786 repentino

175 3796 306 3853 tumultu
327 3795 492 3872 perterriti,
516 3815 609 3869 quum
630 3796 750 3853 hostem
772 3795 852 3854 intra
880 3803 986 3873 portas
1016 3814 1084 3853 esse
1115 3796 1177 3853 exi-

176 3879 344 3956 stimarent,
368 3900 437 3939 sese
461 3901 498 3938 ex
521 3878 632 3957 oppido
656 3879 821 3956 ejecerunt.
856 3881 973 3940 Matres
995 3879 1120 3938 familiae
1138 3880 1177 3940 de

75 3978 259 4120 qm
293 3974 412 4026 vestem
440 3971 658 4042 argentumque
687 3964 848 4042 jactabant
882 3973 913 4024 et
940 3973 1064 4043 pectore
1094 3965 1176 4023 nudo
