2670 4456
197 235 238 291 82
509 223 562 278 DE
580 218 707 277 BELLO
726 221 896 279 GALLIOO

198 420 303 497 pidum
336 426 438 477 autem
470 418 612 477 Britanni
644 424 766 491 vocant,
802 436 894 492 quum
922 417 1017 477 silvas
1039 415 1205 493 impeditas

197 505 279 565 vallo
303 511 393 579 atque
416 503 501 563 fossa
522 504 704 577 munierunt,
728 523 787 578 quo
810 501 992 561 incursionis
1008 500 1141 560 hostium
1158 502 1202 561 vi·

198 590 301 650 tandae
335 609 429 648 causa
463 589 630 649 convenire
666 596 860 648 consverunt.
920 588 967 646 Eo
1000 585 1206 666 proficiscitur

199 696 267 734 cum
299 675 486 752 legionibus3
535 675 636 733 locum
668 674 783 752 reperit
816 674 937 751 egregie
969 680 1079 731 natura
1112 678 1204 748 atque

199 780 291 838 opere
323 760 485 833 munitum3
520 767 622 819 tamen
654 759 735 818 hunc
770 759 888 818 duabus
918 778 956 818 ex
982 759 1122 837 partibus
1151 778 1204 837 op-

197 865 335 924 pugnare
358 845 522 905 contendit.
567 846 683 903 Hostes
705 845 861 923 paulisper
877 844 987 903 morati
1002 843 1132 902 militum
1150 863 1203 902 no-

199 938 331 990 strorum
364 932 511 1009 impetum
543 950 605 990 non
637 930 773 989 tulerunt
807 949 935 1005 seseque
970 929 1029 988 1111
1056 936 1205 1007 exparte

199 1017 302 1095 oppidi
330 1016 496 1093 ejecerunt.
547 1016 680 1092 Magnus
709 1015 752 1074 ibi
780 1035 925 1074 numerus
952 1014 1072 1093 pecoris
1101 1034 1204 1092 reper-

198 1109 258 1177 tus,
281 1103 428 1177 multique
451 1102 482 1160 11
504 1101 579 1178 fuga
602 1109 673 1160 sunt
691 1101 901 1177 comprehensi
924 1108 1016 1175 atque
1037 1099 1204 1159 interfecti.

283 1187 393 1246 XXII.
438 1187 520 1245 Dum
542 1187 608 1245 haec
630 1187 661 1244 in
684 1187 732 1245 his
760 1187 836 1246 locis
859 1193 1016 1264 geruntur,
1050 1184 1205 1244 Cassivel-

198 1275 308 1333 launus
332 1273 371 1332 ad
395 1271 544 1346 Cantium,
579 1272 660 1347 quod
688 1291 757 1331 esse
791 1272 831 1330 ad
859 1291 942 1330 mare
965 1290 1057 1349 supra
1080 1270 1205 1330 demon-

199 1358 372 1432 stravimus,
403 1358 513 1433 quibus
541 1357 716 1434 regionibus
751 1364 895 1432 quattuor
922 1377 1012 1434 reges
1042 1362 1202 1435 praeurens,

200 1443 385 1519 Cingetorix,
421 1442 587 1515 Carvilius,
622 1443 853 1520 Taximagulus,
889 1441 1046 1520 Segouax,
1080 1442 1206 1500 nuntios

198 1529 292 1587 mittit
315 1531 413 1604 atque
428 1528 467 1586 111
490 1527 627 1605 imperat,
651 1528 697 1586 uti
720 1528 835 1587 coactis
859 1528 999 1587 omnibus
1029 1527 1126 1605 copiis
1154 1546 1204 1585 ca·

200 1621 264 1672 stra
286 1613 408 1673 navalia
437 1613 475 1671 111
502 1613 667 1691 improviso
696 1613 871 1672 adoriantur
905 1621 996 1689 atque
1019 1619 1206 1691 oppugnent.

199 1699 227 1759 Ii
251 1720 343 1775 quum
366 1699 405 1758 ad
428 1705 529 1758 castra
551 1699 718 1774 venissent,
741 1700 839 1758 nostri
850 1700 1008 1776 eruptione
1027 1697 1112 1758 facta
1128 1698 1205 1755 mul-

199 1785 238 1843 tis
262 1805 367 1843 eornm
388 1783 569 1860 interfectis,
593 1791 682 1862 capto
719 1784 809 1843 etiam
842 1784 936 1843 nobili
965 1784 1042 1842 duce
1069 1783 1206 1860 Lugoto-

198 1871 264 1947 rige
298 1889 370 1928 suos
402 1870 569 1928 incolumes
607 1869 803 1928 reduxerunt.
866 1868 1115 1930 Cassivellaunus
1148 1869 1206 1927 hoc

198 1955 306 2033 proelio
328 1955 477 2029 nuntiato,
506 1961 552 2012 tot
574 1953 766 2013 detrimentis
801 1956 946 2033 acceptis,
980 1954 1111 2015 vastatis
1138 1952 1205 2012 fini·

199 2041 267 2115 bus,
301 2040 429 2098 maxime
463 2039 553 2098 etiam
585 2046 742 2117 permotus
777 2039 947 2099 defectione
982 2040 1140 2100 civitatum
1162 2039 1204 2098 le·
1287 2038 1294 2047 '

198 2131 286 2202 gatos
309 2144 364 2202 per
380 2124 559 2184 Atrebatem
578 2123 744 2185 Commium
767 2125 804 2184 de
828 2125 982 2185 deditione
1000 2125 1039 2184 ad
1051 2124 1206 2184 Oaesarem

199 2210 301 2269 mittit.
348 2208 453 2269 Caesar
476 2230 568 2285 quum
590 2211 800 2269 constituisset
821 2211 955 2270 hiemare
984 2208 1206 2270 incontinenti

199 2302 326 2374 propter
354 2295 531 2374 repentinos
560 2295 667 2354 Galliae
690 2302 806 2371 motus,
830 2316 929 2372 neque
956 2297 1085 2354 multum
1115 2304 1208 2354 aesta-

198 2381 239 2440 tis
262 2389 439 2459 superesset
462 2387 553 2456 atque
576 2381 608 2439 id
629 2380 721 2440 111111
744 2383 862 2441 extrahi
890 2401 982 2460 posse
1009 2381 1205 2458 intelligeret,

199 2465 321 2525 obsides
354 2467 484 2544 imperat
511 2473 551 2541 et,
583 2466 656 2542 quid
688 2467 719 2524 in
754 2485 850 2526 annos
879 2467 1016 2544 singulos
1044 2466 1208 2542 vectigalis

198 2552 309 2629 populo
332 2552 470 2611 Romano
493 2552 654 2611 Britannia
681 2551 845 2630 penderet,
876 2553 1050 2625 constituit;
1080 2551 1208 2611 interdi-

199 2637 241 2694 cit
275 2643 365 2711 atque
397 2637 527 2714 imperat
556 2636 795 2712 Cassivellauuo,
829 2657 869 2696 ne
890 2637 1111 2696 Mandubracio
1144 2656 1207 2695 neu

199 2720 436 2780 Trinouantibus
458 2729 576 2780 noceat.

283 2805 412 2864 XXIII.
447 2805 614 2866 Obsidibus
632 2808 766 2886 acceptis
784 2808 950 2867 exercitum
960 2807 1080 2866 reducit
1092 2806 1132 2866 ad
1143 2827 1206 2865 ma·

198 2911 241 2965 re,
265 2910 360 2951 naves
382 2891 500 2952 invenit
520 2891 662 2951 reiectas.
696 2893 755 2952 His
778 2892 927 2968 deductis,
952 2893 1033 2969 quod
1055 2900 1086 2952 11
1109 2892 1205 2971 capti·

199 2997 306 3037 vorum
328 2997 471 3054 magnum
499 2997 659 3036 numerum
685 2978 819 3038 habebat
849 2985 880 3037 et
907 2978 1061 3038 nonnullae
1089 2984 1206 3056 tempe-

199 3069 279 3122 state
303 3062 495 3141 deperierant
516 3082 622 3138 naves,
647 3062 766 3123 duobus
790 3065 1008 3123 commeatibus
1038 3063 1205 3123 exercitum

198 3155 356 3225 reportare
377 3147 518 3207 instituit.
563 3148 611 3208 Ac
634 3148 678 3207 sic
702 3149 822 3224 accidit,
845 3149 891 3207 uti
913 3169 950 3208 ex
972 3156 1057 3208 tanto
1080 3150 1204 3209 navium

199 3252 335 3307 numero,
364 3240 411 3291 tot
432 3233 678 3310 navigationibus
706 3255 806 3310 neque
833 3235 891 3293 hoc
919 3254 1019 3310 neque
1047 3235 1206 3312 superiore

200 3337 278 3376 anuo
301 3317 364 3375 ulla
386 3317 506 3377 omnino
528 3319 626 3394 navis,
651 3339 719 3395 quae
741 3320 854 3380 milites
876 3326 1023 3398 portaret,
1047 3318 1204 3379 desidera-

198 3409 292 3476 retur,
317 3410 348 3460 at
371 3421 408 3460 ex
435 3402 482 3477 iis,
506 3423 574 3478 quae
597 3404 702 3464 inanes
731 3425 768 3464 ex
799 3404 964 3464 continenti
991 3405 1031 3464 ad
1060 3424 1129 3463 eum
1156 3425 1206 3464 re·

198 3487 400 3562 mitterentur,
425 3494 456 3546 11
477 3488 587 3565 prioris
610 3497 797 3549 commeatus
826 3490 973 3568 expositis
991 3490 1137 3549 militibus
1161 3497 1203 3564 et,

200 3591 276 3649 quas
298 3580 406 3650 postea
428 3572 583 3633 Labienus
612 3573 769 3634 faciendas
798 3583 959 3636 curaverat
984 3595 1109 3635 numero
1132 3575 1202 3649 LX,

198 3677 361 3736 perpaucae
389 3657 489 3717 locum
517 3666 670 3736 caperent,
703 3661 829 3737 reliquae
863 3661 928 3720 fere
959 3680 1063 3720 omnes
1096 3660 1205 3737 rejice·

198 3751 313 3803 rentur.
350 3742 433 3815 Quas
446 3763 538 3819 quum
561 3744 745 3820 aliquamdiu
763 3745 867 3807 Caesar
888 3745 1004 3805 frustra
1026 3753 1203 3824 exspectas-

200 3836 256 3901 set,
279 3849 318 3888 ne
342 3829 412 3887 anni
434 3835 570 3906 tempore
601 3850 619 3888 a
645 3831 840 3908 navigatione
871 3832 1093 3907 excluderetur,
1123 3831 1205 3907 quod

198 3914 414 3989 aequinoctium
437 3915 571 3990 suberat,
593 3916 766 3976 necessario
790 3918 949 3995 angustius
976 3917 1088 3976 milites
1111 3916 1204 3976 collo-
