2670 4456
88 339 92 345 ,
164 275 204 332 58
466 265 519 319 DE
537 262 664 319 BELLO
684 261 860 319 GALLIGO.

161 465 220 521 bus
253 461 447 540 proeliantur,
488 478 643 535 equosque
683 459 788 518 eodem
831 479 987 518 remanere
1031 461 1160 538 vestigio

163 546 401 622 assvefeoerunt,
435 545 474 604 ad
508 565 584 621 quos
618 565 651 604 se
685 546 832 620 celeriter,
868 566 959 621 quum
995 567 1070 605 usus
1104 554 1160 621 est,

126 690 128 694 ,
162 634 322 711 recipiunt,
350 653 449 708 neque
478 651 581 690 eorum
608 631 741 689 moribus
775 632 893 709 turpius
923 632 1083 707 quicquam
1110 639 1162 691 aut

22 780 25 791 ,
71 784 72 789 1
162 720 290 779 inertius
312 719 451 792 habetur,
475 738 565 793 quam
588 717 737 794 ephippiis
761 719 814 775 uti.
865 718 974 793 Itaque
997 717 1036 776 ad
1059 739 1161 793 quem-

163 807 211 867 vis
230 825 387 863 numerum
404 803 645 881 ephippiatorum
662 803 797 878 equitum
814 804 952 878 quamvis
969 804 1059 880 pauci
1079 804 1162 863 adire

165 892 286 952 audent.
331 890 443 950 Vinum
477 889 516 947 ad
549 909 583 948 se
617 889 736 947 omnino
770 889 926 967 importari
959 910 1020 948 non
1048 890 1161 964 sinunt,

165 976 246 1054 quod
268 996 304 1036 ea
325 996 358 1035 re
382 974 420 1034 ad
441 975 576 1033 laborem
604 973 762 1033 ferendum
790 975 999 1034 remollescere
1026 975 1163 1037 homines

166 1072 257 1138 atque
280 1060 448 1120 effeminari
471 1061 666 1119 arbitrantur.

250 1148 313 1206 111.
357 1147 482 1205 Publice
504 1147 665 1204 maximam
685 1152 794 1223 putant
817 1166 885 1205 esse
907 1145 1044 1221 laudern,
1074 1167 1165 1222 quam

92 1240 93 1245 ’
164 1235 311 1294 latissime
334 1254 351 1291 a
373 1232 436 1291 suis
458 1231 569 1290 finibus
591 1252 701 1291 vacare
725 1251 829 1309 agros:
853 1233 965 1290 haere
989 1231 1162 1309 significari,

164 1340 307 1398 magnum
338 1338 496 1377 numerum
530 1317 686 1378 civitatum
720 1337 808 1376 suam
836 1318 898 1378 vim
926 1318 1076 1376 sustinere
1104 1339 1165 1376 non

165 1426 266 1486 posse.
300 1405 410 1480 Itaque
432 1424 493 1462 una
515 1423 552 1461 ex
574 1410 661 1481 parte
684 1403 823 1464 aSvevis
847 1404 967 1462 circiter
989 1404 1072 1462 milia
1093 1423 1164 1481 pas-

167 1513 256 1552 suum
283 1488 339 1549 DC
370 1489 434 1566 agri
462 1508 572 1549 vacare
601 1489 751 1548 dicuntur.
807 1489 856 1548 Ad
892 1490 1019 1548 alteram
1047 1498 1165 1566 partem

166 1577 335 1637 succedunt
344 1575 426 1647 Ubii,
451 1595 577 1650 quorum
599 1574 657 1633 fuit
680 1575 788 1635 civitas
811 1576 911 1653 ampla
934 1582 1025 1651 atque
1041 1575 1163 1650 florenS,

165 1672 200 1723 ut
222 1670 269 1722 est
292 1668 398 1740 captus
423 1661 652 1736 Germanorum,
674 1661 779 1738 paulo,
811 1682 901 1736 quam
929 1668 999 1719 sunt
1028 1660 1166 1737 ejusdem

168 1749 290 1828 generis
331 1748 439 1822 ceteri,
473 1747 680 1823 humaniores,
715 1754 877 1825 propterea
911 1747 991 1822 quod
1025 1748 1167 1806 Rhenum

166 1836 328 1912 attingunt,
358 1834 545 1908 multumque
573 1833 613 1891 ad
641 1852 693 1891 eos
723 1840 907 1892 mercatores
935 1834 1102 1908 ventitant,
1137 1840 1167 1892 et

166 1922 227 1999 ipsi
247 1926 372 1998 propter
394 1919 649 1995 propinquitatem
662 1918 882 1982 Gallicissunt
904 1919 1038 1977 moribus
1062 1939 1165 1978 assve-

167 2006 251 2065 facti.
285 2006 351 2063 Hos
375 2024 467 2079 quum
479 2003 572 2064 Svevi
593 2004 696 2062 multis
719 2024 802 2080 saepe
823 2003 912 2063 bellis
936 2005 1054 2082 experti
1076 2026 1166 2082 prop-

168 2101 216 2151 ter
239 2089 466 2168 amplitudinem
493 2089 736 2166 gravitatemque
765 2090 897 2149 civitatis
924 2089 1036 2149 finibus
1066 2091 1167 2168 expel-

167 2179 230 2238 lere
252 2197 313 2235 non
334 2175 522 2253 potuissent,
552 2181 654 2235 tamen
681 2175 851 2252 vectigales
880 2176 938 2234 sibi
965 2175 1105 2236 fecerunt
1133 2196 1167 2236 ao

168 2264 262 2324 multo
285 2261 460 2321 humiliores
481 2260 720 2337 infirmioresque
742 2261 932 2338 redegerunt.

255 2349 311 2408 IV.
356 2348 395 2406 In
418 2347 524 2407 eadem
547 2367 639 2406 causa
660 2346 785 2406 fuerunt
805 2347 950 2426 Usipetes
974 2354 1004 2407 et
1016 2349 1167 2424 Tencteri,

172 2455 248 2511 quos
283 2455 375 2512 supra
408 2433 549 2509 diximus,
585 2434 636 2509 qui
670 2433 840 2511 complures
875 2454 970 2492 annos
1001 2433 1170 2494 Svevorum

169 2522 231 2582 vim
254 2521 477 2593 sustinuerunt;
502 2518 542 2577 ad
564 2527 731 2578 extremum
752 2526 854 2591 tamen
883 2521 963 2595 agris
996 2520 1115 2597 expulsi
1138 2526 1169 2578 et

170 2607 273 2664 multis
305 2605 381 2663 locis
416 2605 586 2664 Germaniae
621 2606 783 2664 triennium
815 2606 919 2682 vagati
958 2605 996 2664 ad
1028 2607 1170 2665 Rhenum

170 2697 388 2771 pervenerunt,
420 2709 496 2765 quas
528 2691 668 2766 regiones
701 2691 836 2767 Menapii
867 2692 1039 2750 incolebant
1073 2699 1103 2750 et
1131 2691 1170 2750 ad

170 2785 329 2852 utramque
351 2776 448 2854 ripam
469 2774 602 2833 fluminis
626 2795 725 2852 agroS,
750 2775 878 2835 aedificia
904 2778 1056 2852 vicosque·
1076 2777 1169 2836 habe-

170 2865 258 2936 bant;
294 2861 349 2921 sed
381 2868 474 2920 tantae
507 2861 708 2920 multitudinis
742 2862 826 2920 aditu
858 2863 1025 2940 perterriti,
1061 2884 1097 2922 ex
1133 2863 1170 2920 iis

172 2947 317 3023 aedificiis,
347 2967 414 3022 quae
444 2953 529 3005 trans
557 2945 669 3006 flumen
698 2947 881 3024 habuerant,
916 2948 1169 3025 demigraverunt,

172 3043 202 3094 et
236 3036 279 3093 cis
308 3034 448 3092 Rhenum
478 3032 634 3110 dispositis
663 3033 815 3111 praesidiis
839 3034 1007 3093 Germanos
1040 3034 1171 3093 transire

170 3121 381 3199 prohibebant.
416 3119 468 3177 Illi
491 3119 591 3177 omnia
614 3120 740 3196 experti,
764 3141 856 3195 quum
877 3141 976 3195 neque
998 3120 1030 3179 vi
1048 3127 1174 3178 contem

172 3207 243 3266 dere
282 3212 407 3283 propter
442 3204 582 3283 inopiam
618 3206 742 3266 navium
790 3226 889 3281 neque
923 3207 1000 3264 clam
1040 3205 1171 3265 transire

171 3299 296 3370 propter
329 3290 483 3350 custodias
517 3291 727 3368 Menapiorum
759 3298 900 3369 possent,
933 3293 1048 3351 reverti
1080 3311 1112 3350 se
1140 3291 1172 3348 in

172 3397 244 3437 suas
279 3376 367 3435 sedes
401 3376 600 3452 regionesque
634 3378 866 3452 simulaverunt,
902 3384 933 3435 et
964 3377 1057 3436 tridui
1090 3377 1173 3436 viam

171 3463 327 3542 progressi
359 3480 465 3520 rursus
499 3470 699 3539 reverterunt,
735 3470 825 3538 atque
859 3463 940 3521 omni
971 3463 1029 3521 hoc
1062 3462 1172 3520 itinere

171 3570 233 3608 una
253 3555 342 3607 nocte
372 3548 507 3622 equitatu
535 3548 674 3608 confecto
696 3549 809 3607 inscios
832 3549 1085 3627 inopinantesque
1107 3548 1171 3605 Me-

171 3634 279 3712 napios
308 3641 534 3711 oppresserunt,
569 3635 621 3710 qui
644 3634 682 3693 de
707 3635 928 3694 Germanorum
956 3635 1095 3694 discessu
1117 3654 1173 3711 per

173 3721 379 3798 exploratores
403 3720 546 3779 certiores
569 3719 645 3779 facti
668 3720 734 3778 sine
755 3727 838 3779 metu
861 3726 946 3779 trans
968 3721 1111 3778 Rhenum
1141 3719 1174 3777 in

173 3825 245 3865 suos
268 3805 352 3865 vicos
385 3806 633 3883 remigraverant.
688 3805 746 3864 His
780 3805 948 3866 interiectis
982 3806 1173 3880 navibusque

174 3912 277 3950 eorum
299 3892 465 3968 occupatis,
488 3893 665 3969 priusquam
696 3911 731 3950 ea
753 3911 825 3968 pars
847 3892 1071 3969 Menapiorum,
1105 3909 1173 3966 quae

174 3977 250 4036 citra
271 3977 411 4036 Rhenum
434 3974 547 4053 [quieta
570 3977 602 4035 in
621 3977 684 4035 suis
703 3975 836 4051 sedibus]
856 3985 930 4054 erat,
949 3977 1059 4037 certior
1075 3975 1172 4052 fieret,
