2670 4456
186 282 248 338 104
492 272 545 325 DE
563 269 690 323 BELLO
710 268 880 326 GALLIOO

182 486 255 526 suos
289 467 402 525 habeat
437 466 657 523 auctoritatem.
714 465 791 522 Haec
832 464 938 522 eadem
970 463 1048 522 ratio
1084 470 1132 522 est
1159 465 1193 522 in

184 572 301 612 summa
323 551 417 609 totius
449 550 571 623 Galliae;
595 570 726 624 namque
750 570 854 608 omnes
878 549 1020 608 civitates
1037 549 1069 606 in
1086 555 1192 626 partes

186 638 295 697 divisae
320 643 391 694 suut
415 636 501 693 duas.

270 722 348 780 XII.
396 720 494 791 Quum
518 719 623 778 Caesar
644 722 676 778 in
700 720 832 778 Galliam
854 720 948 793 venit,
980 720 1104 778 alterius
1127 719 1203 778 fao·

184 808 277 867 tionis
300 807 453 884 principes
477 814 563 864 erant
576 806 697 879 Haedui,
722 806 848 864 alterius
861 805 1004 880 Sequani.
1039 805 1081 863 Hi
1099 826 1194 880 quum

185 913 241 971 per
265 913 298 951 se
320 892 419 949 minus
442 892 589 966 valerent,
615 891 696 966 quod
709 911 827 949 summa
840 891 1006 950 auctoritas
1024 891 1193 966 antiquitus

188 988 254 1037 erat
277 979 307 1036 in
330 978 459 1035 Haeduis
483 996 663 1053 magnaeque
693 997 798 1035 eorum
821 983 908 1035 erant
931 977 1090 1051 clientelae,
1117 977 1193 1035 Ger-

186 1083 291 1122 manos
315 1070 405 1137 atque
428 1063 616 1122 Arioru‘stum
646 1062 705 1120 sibi
728 1062 931 1138 adjunxerant
961 1081 1073 1136 eosque
1096 1063 1137 1120 ad
1160 1083 1194 1121 se

186 1149 305 1225 magnis
324 1148 454 1224 jacturis
481 1148 811 1224 pollicitationibusque
828 1148 1043 1225 perduxerant.
1071 1148 1194 1207 Proeliis

186 1255 259 1294 vero
283 1234 488 1309 compluribus
517 1232 607 1291 factis
639 1233 782 1291 secundis
806 1241 897 1308 atque
927 1234 1007 1291 omni
1035 1233 1195 1292 nobilitate

186 1319 376 1378 Haeduorum
398 1317 559 1376 interfecta
588 1325 706 1376 tantum
734 1320 872 1395 potentia
902 1325 1141 1393 antecesserant,
1161 1326 1197 1377 ut

188 1425 329 1480 magnam
351 1409 471 1480 partem
494 1404 648 1462 clientium
672 1406 710 1462 ab
728 1404 856 1462 Haeduis
880 1403 919 1462 ad
942 1423 975 1461 se
998 1404 1196 1463 traducerent

189 1488 370 1563 obsidesque
394 1490 432 1546 ab
455 1489 492 1547 iis
515 1490 686 1566 principum
708 1488 787 1547 filios
811 1490 985 1566 acciperent
1014 1497 1045 1548 et
1072 1490 1196 1567 publice

185 1574 290 1650 jurare
325 1581 469 1650 cogerent
501 1574 576 1632 nihil
604 1595 637 1632 se
670 1583 777 1633 contra
811 1575 968 1650 Sequanos
999 1576 1117 1634 consilii
1139 1576 1195 1634 ini-

189 1667 274 1718 turos
298 1668 328 1719 et
350 1668 469 1736 partem
491 1655 610 1717 finitimi
633 1660 698 1735 agri
720 1681 775 1737 per
804 1661 865 1720 vim
888 1668 1068 1738 occupatam
1096 1663 1196 1738 possi·
1224 1670 1229 1675 '

191 1745 297 1804 derant
332 1745 499 1820 Galliaeque
533 1746 628 1804 totius
661 1746 866 1823 principatum
889 1747 1069 1804 obtinerent.
1128 1746 1197 1817 Qua

189 1831 373 1889 necessitate
408 1830 559 1888 adductus
593 1831 766 1889 Divitiacus
807 1831 908 1889 auxilii
943 1831 1068 1908 petendi
1103 1851 1198 1891 causa

189 1916 318 1974 Romam
341 1915 380 1973 ad
404 1923 542 1974 senatum
564 1915 722 1992 profectus
745 1916 859 1975 infecta
888 1937 921 1974 re
944 1917 1085 1976 redierat.
1130 1918 1196 1977 Ad-

190 2009 283 2061 ventu
307 2000 438 2058 Caesaris
459 2000 543 2059 facta
565 2003 797 2061 commutatione
819 2023 929 2075 rerum,
954 2002 1111 2061 obsidibus
1123 2004 1197 2062 Hae-

192 2084 260 2144 duis
288 2086 431 2159 redditis,
461 2087 617 2146 veteribus
648 2088 797 2146 clientelis
827 2088 994 2160 restitutis,
1023 2089 1113 2149 novis
1141 2109 1199 2166 per

193 2170 345 2230 Gaesarem
368 2172 551 2248 comparatis
575 2171 668 2247 (quod
690 2173 721 2247 ii,
752 2174 804 2249 qui
833 2193 866 2231 se
895 2173 933 2231 ad
962 2194 1065 2231 eorum
1094 2175 1198 2233 amici-

192 2256 265 2315 tiam
295 2266 554 2334 aggregaverant,
586 2258 709 2316 meliore
738 2259 915 2317 condicione
944 2266 1035 2333 atque
1064 2260 1199 2335 aequiore

191 2342 316 2419 imperio
341 2362 373 2401 se
396 2343 442 2401 uti
464 2343 636 2418 videbant),
666 2345 792 2419 reliquis
820 2345 913 2402 rebus
942 2364 1061 2418 eorum,
1096 2346 1199 2422 gratia

192 2427 399 2504 dignitateque
424 2429 608 2505 amplificata
631 2429 765 2504 Sequani
787 2430 991 2506 principatum
1008 2430 1197 2489 dimiserant.

190 2513 230 2570 In
252 2533 355 2571 eorum
367 2515 465 2571 locum
477 2516 567 2573 Remi
584 2522 813 2589 successerant;
838 2534 914 2590 quos
935 2515 1016 2590 quod
1033 2516 1197 2591 adaequare

191 2598 272 2674 apud
296 2598 448 2656 Gaesarem
478 2600 577 2675 gratia
604 2600 841 2677 intelligebatur,
865 2600 895 2674 ii,
921 2601 973 2675 qui
995 2609 1121 2678 propter
1143 2622 1198 2662 ve-

189 2689 272 2740 teres
295 2683 468 2742 inimicitias
491 2685 573 2743 nullo
597 2686 687 2743 modo
712 2706 780 2744 cum
802 2686 932 2743 Haeduis
951 2686 1095 2762 conjungi
1108 2695 1196 2765 pote-

189 2774 267 2841 rant,
293 2787 325 2826 se
337 2769 441 2826 Remis
459 2769 490 2826 in
507 2770 678 2828 clientelam
690 2771 842 2829 dicabant.
880 2771 946 2828 Hos
969 2771 1013 2829 illi
1033 2771 1198 2848 diligenter

188 2854 361 2911 tuebantur.
407 2853 457 2911 Ita
480 2860 511 2912 et
532 2874 642 2914 novam
671 2863 701 2914 et
729 2865 855 2933 repente
880 2857 1039 2915 collectam
1063 2859 1196 2918 auctori-

188 2945 282 2996 tatem
304 2939 459 2996 tenebant.
505 2941 550 2998 Eo
573 2947 637 2998 turn
661 2947 744 3000 statu
766 2962 816 3000 res
839 2948 913 3016 erat,
942 2949 978 2999 ut
998 2943 1089 3018 longe
1111 2944 1196 3020 prin·

188 3023 272 3101 cipes
305 3024 490 3082 haberentur
524 3025 652 3101 Haedui,
694 3028 861 3086 secundum
895 3028 996 3085 locum
1035 3028 1195 3104 dignitatis

186 3109 275 3167 Remi
298 3109 480 3168 obtinerent.
1086 3158 1087 3161 η

272 3194 367 3253 XIII.
413 3196 451 3252 In
474 3197 552 3253 omni
578 3196 679 3254 Gallia
701 3217 805 3255 eorum
827 3198 991 3272 hominurn,
1016 3199 1068 3274 qui
1091 3199 1195 3275 aliquo

186 3287 259 3337 sunt
279 3299 403 3337 numero
428 3287 519 3354 atque
542 3281 665 3357 honore,
689 3303 803 3358 genera
832 3290 903 3340 srmt
926 3283 1000 3357 duo;
1032 3304 1102 3342 nam
1129 3285 1195 3361 ple-

186 3364 241 3422 bes
264 3383 351 3440 paene
375 3383 531 3425 servorum
560 3367 690 3426 habetur
716 3369 793 3442 loco,
824 3388 892 3442 quae
921 3368 995 3427 nihil
1024 3369 1116 3428 audet
1136 3389 1195 3446 per

186 3467 219 3507 se
241 3449 324 3508 nullo
338 3449 499 3508 adhibetur
512 3452 647 3510 consilio.
671 3453 813 3528 Plerique
833 3474 925 3528 quum
943 3460 996 3512 aut
1013 3474 1074 3514 aere
1093 3455 1193 3514 alieno

185 3541 238 3593 aut
260 3535 470 3611 magnitudine
493 3537 675 3596 tributorum
698 3546 750 3596 aut
771 3539 883 3615 injuria
900 3540 1106 3615 potentiorum
1122 3561 1192 3620 pre-

184 3628 317 3696 muntur,
343 3641 411 3679 sese
434 3622 466 3679 in
488 3623 701 3683 servitututem
724 3623 827 3682 dicant
843 3619 1012 3699 nobilibus;
1030 3625 1068 3684 iis
1085 3625 1117 3684 in
1134 3625 1193 3685 hos

185 3705 292 3764 eadem
304 3707 403 3765 omnia
415 3714 486 3765 sunt
494 3707 574 3783 jura,
595 3728 663 3782 quae
681 3708 809 3767 dominis
828 3710 859 3766 in
872 3729 987 3769 servos.
1013 3710 1075 3769 Sed
1092 3711 1191 3770 dehis

184 3790 304 3850 duobus
327 3793 492 3869 generibus
503 3794 634 3851 alterum
653 3799 701 3851 est
717 3795 879 3870 Druidum,
900 3795 1028 3854 alterum
1045 3797 1190 3871 equitum.

183 3875 234 3934 Illi
255 3879 348 3935 rebus
372 3877 483 3937 divinis
505 3878 667 3952 intersunt,
691 3878 840 3938 sacrificia
863 3881 987 3957 publica
1009 3901 1045 3940 ac
1067 3881 1192 3958 privato

180 3969 357 4038 procurant,
390 3962 553 4039 religiones
588 3963 837 4041 interpretantur.
894 3965 944 4023 Ad
976 3966 1032 4025 hos
1061 3985 1190 4043 magnus

76 4068 121 4136 k
