2670 4456
569 275 689 329 LIBER
707 275 761 329 HI.
1124 286 1164 343 53

162 470 336 547 provinciae,
370 468 505 528 finitimae
536 470 583 529 his
613 471 796 548 regionibus,
826 471 1001 530 nominatim
1030 474 1165 532 evocatis

161 557 192 614 in
215 556 385 614 Sontiatum
406 554 482 615 fines
506 557 669 615 exercitum
691 557 866 615 introduxit.
914 557 1008 634 Cujus
1031 558 1166 618 adventu

163 642 282 719 cognito
317 641 470 700 Sontiates
509 643 628 718 magnis
667 644 762 720 copiis
802 644 916 703 coactis
958 645 1163 720 equitatuque,

163 749 220 803 quo
242 728 404 805 plurimum
426 728 577 802 valebant,
601 729 632 786 in
653 728 761 788 itinere
781 750 889 806 agmen
907 737 1044 788 nostrum
1067 731 1165 789 adorti

163 814 290 891 primum
324 821 465 889 equestre
497 814 636 891 proelium
670 816 898 890 commiserunt,
939 815 1048 874 deinde
1082 817 1164 893 equi-

163 908 227 958 tatu
250 919 305 959 suo
328 900 415 977 puIso
440 906 530 976 atque
555 901 784 975 insequentibus
812 901 925 959 nostris
950 902 1049 960 subito
1073 903 1164 980 pede-

163 993 240 1044 stres
264 986 378 1063 copias,
408 1005 484 1060 quas
511 986 543 1043 in
565 987 701 1046 convalle
730 988 761 1044 in
782 987 901 1045 insidiis
931 986 1163 1062 collocaverant,

163 1071 368 1147 ostenderunt.
424 1072 466 1130 Hi
498 1080 621 1130 nostros
650 1072 796 1149 disjectos
825 1072 922 1131 adorti
951 1073 1090 1150 proelium
1118 1094 1165 1133 re-

162 1164 322 1217 noverunt.

247 1243 338 1301 XXI.
384 1243 555 1319 Pugnatum
578 1250 625 1301 est
648 1243 699 1301 diu
723 1252 813 1319 atque
836 1244 955 1319 acriter,
979 1265 1070 1320 quum
1089 1245 1164 1303 Son-

163 1329 262 1404 dates,
292 1329 498 1406 superioribus
526 1329 661 1388 victoriis
684 1329 763 1405 freti,
793 1330 824 1387 in
853 1350 909 1388 sua
936 1331 1048 1390 virtute
1070 1331 1164 1389 totius

90 1430 94 1441 ’
162 1415 334 1490 Aquitaniae
358 1415 487 1474 salutem
508 1416 639 1492 positam
660 1422 811 1492 putarent,
835 1417 932 1474 nostri
955 1424 1064 1490 autem,
1093 1416 1166 1492 quid

163 1503 228 1560 sine
255 1501 437 1578 imperatore
466 1508 497 1560 et
530 1501 594 1559 sine
628 1502 752 1576 reliquis
786 1502 956 1578 legionibus
990 1502 1165 1562 adolescen-

163 1587 224 1645 tulo
254 1587 331 1645 duce
360 1585 482 1646 efficere
509 1594 651 1663 possent,
685 1588 816 1664 perspici
848 1596 993 1665 cuperent
1000 1609 1006 1662 ;
1042 1588 1166 1647 tandem

164 1671 295 1732 confecti
328 1672 504 1732 vulneribus
543 1672 648 1730 hostes
688 1679 775 1748 terga
807 1681 974 1732 verterunt.
1032 1673 1166 1745 Quorum

162 1779 271 1835 magno
305 1779 428 1816 numero
456 1757 617 1816 interfecto
651 1757 780 1817 Crassus
815 1778 851 1816 ex
884 1761 991 1818 itinere
1022 1760 1165 1837 oppidum

164 1844 334 1903 Sontiatum
368 1864 542 1922 oppugnare
577 1844 677 1920 coepit.
729 1843 846 1915 Quibus
875 1844 994 1903 fortiter
1021 1846 1165 1904 resisten-

163 1930 244 1988 tibus
262 1929 372 2011 'vineas
395 1937 554 2005 turresque
578 1930 648 2006 egit.
690 1930 742 1988 Illi
765 1931 839 1989 alias
863 1932 1020 2008 eruptione
1037 1939 1165 2006 tentata,

164 2015 239 2074 alias
269 2016 416 2074 cuniculis
447 2015 486 2074 ad
519 2036 661 2092 aggerem
689 2017 855 2092 vineasque
884 2018 960 2076 actis
995 2017 1093 2094 (cujus
1122 2019 1166 2076 rei

164 2110 234 2160 sunt
261 2101 350 2177 longe
379 2101 555 2178 peritissimi
577 2101 732 2177 Aquitani,
762 2110 924 2181 propterea
952 2103 1033 2179 quod
1062 2104 1165 2161 multis

162 2187 238 2246 locis
261 2186 342 2264 apud
370 2207 422 2245 eos
446 2188 560 2246 aerariae
592 2195 781 2263 secturaeque
810 2189 900 2263 sunt),
930 2190 981 2247 ubi
1010 2189 1166 2265 diligentia

163 2280 335 2332 nostrorum
366 2273 441 2331 nihiI
473 2274 521 2331 his
554 2275 645 2332 rebus
679 2272 785 2351 profici
818 2294 910 2351 posse
943 2275 1165 2348 intellexerunt,

162 2360 281 2436 legatos
305 2358 344 2417 ad
368 2358 511 2418 Crassum
534 2359 666 2433 mittunt,
691 2378 784 2434 seque
806 2360 837 2416 in
860 2359 1044 2417 deditionem
1066 2367 1164 2418 utre·

164 2446 264 2522 cipiet,
294 2451 411 2521 petunt.
472 2445 539 2517 Qua
572 2465 606 2504 re
638 2445 800 2521 impetrata
828 2465 910 2502 arma
938 2444 1059 2503 tradere
1083 2444 1166 2520 jussi

163 2530 288 2589 faciunt.

248 2615 359 2674 XXII.
404 2615 506 2692 Atque
527 2616 560 2674 in
582 2637 618 2674 ea
639 2635 672 2674 re
696 2616 826 2674 omnium
847 2624 1020 2675 nostrorum
1042 2617 1166 2676 intentis

165 2703 281 2777 animis,
313 2702 372 2760 alia
399 2721 437 2760 ex
464 2709 552 2780 parte
580 2702 683 2780 oppidi
704 2702 917 2777 Adiatunnus,
948 2704 998 2778 qui
1021 2723 1167 2762 summam

164 2788 281 2866 imperii
303 2789 436 2863 tenebat,
467 2808 534 2847 cum
557 2789 709 2848 sexcentis
734 2788 861 2863 devotis,
894 2809 969 2864 quos
992 2790 1036 2847 illi
1059 2789 1166 2847 Soldu-

164 2874 226 2932 rios
255 2874 410 2951 appellant
439 2872 577 2948 (quorum
610 2875 675 2934 haec
705 2881 752 2933 est
786 2875 932 2950 condici0,
966 2882 1000 2934 ut
1028 2875 1166 2933 omnibus

164 2959 196 3018 in
228 2959 292 3019 vita
327 2959 490 3018 commodis
523 2981 584 3018 una
618 2981 686 3018 cum
718 2961 756 3018 iis
790 2959 938 3035 fruantur,
974 2981 1100 3036 quorum
1134 2980 1167 3018 se

167 3044 305 3104 amicitiae
335 3044 518 3119 dediderint;
554 3046 581 3104 si
604 3045 676 3121 quid
708 3047 746 3104 iis
774 3066 829 3123 per
856 3047 918 3105 vim
952 3044 1080 3118 accidat,
1116 3052 1168 3103 aut

166 3131 294 3190 eundem
317 3150 421 3189 casum
442 3151 503 3189 una
525 3130 633 3206 ferant,
658 3139 710 3190 ant
733 3132 792 3190 sibi
813 3138 940 3190 mortem
959 3132 1166 3205 consciscant;

164 3237 262 3292 neque
285 3217 383 3275 adhuc
406 3217 568 3275 homimum
589 3218 733 3276 memoria
760 3225 900 3295 repertus
924 3225 971 3276 est
999 3218 1166 3293 quisquam,

167 3303 218 3377 qui
252 3322 286 3360 eo
320 3302 491 3378 interfecto,
527 3302 614 3379 cnjus
643 3322 676 3361 se
704 3303 844 3361 amicitiae
874 3304 1058 3378 devovisset,
1092 3303 1169 3361 mori

165 3387 341 3463 recusaret),
372 3409 439 3448 cum
466 3389 514 3447 his
542 3388 745 3447 Adiatumnus
773 3389 960 3466 eruptionem
988 3388 1090 3448 facere
1120 3409 1168 3447 co-

165 3481 255 3532 natus
284 3474 414 3532 clamore
444 3476 481 3534 ab
516 3495 551 3533 ea
584 3481 670 3552 parte
703 3475 877 3534 munitionis
912 3477 1041 3549 sublato,
1076 3495 1168 3550 quum

167 3560 206 3618 ad
233 3580 316 3618 arma
342 3560 453 3619 milites
482 3561 707 3619 concurrissent
740 3561 993 3637 vehementerque
1021 3560 1063 3618 ibi
1092 3581 1167 3636 pug-

165 3652 270 3704 natum
293 3652 383 3720 esset,
406 3646 547 3723 repulsus
569 3647 601 3704 in
624 3647 767 3724 oppidum
793 3654 895 3707 tamen
916 3649 962 3706 uti
984 3645 1088 3705 eadem
1116 3645 1168 3703 de-

167 3731 288 3790 ditionis
311 3731 487 3791 condicione
509 3739 654 3808 uteretur,
679 3734 716 3791 ab
741 3733 852 3792 Crasso
875 3731 1058 3810 impetravit.

251 3816 380 3876 XXIII.
432 3817 534 3876 Armis
568 3819 785 3895 obsidibusque
814 3819 949 3896 acceptis
979 3816 1108 3875 Crassus
1137 3815 1168 3873 in

166 3901 243 3962 fines
264 3903 426 3963 Vocatium
449 3910 478 3962 et
500 3904 692 3963 Tarusatium
714 3905 871 3983 profectus
894 3912 950 3963 est.
995 3902 1072 3960 Tum
1094 3922 1167 3961 vero

114 3999 118 4007 '
166 3989 290 4048 barbari
312 3990 461 4064 commoti,
486 3989 566 4065 quod
590 3991 742 4068 oppidum,
767 3998 797 4049 et
818 3997 928 4048 natura
944 3989 1004 4048 loci
1026 3994 1057 4046 et
1078 4008 1169 4047 manu
