2670 4456
552 270 673 324 LIBER
690 268 756 324 VH.
1108 281 1167 337 137

168 464 338 539 publicant,
363 465 481 541 legatos
505 464 544 523 ad
557 464 710 524 Gaesarem
733 466 781 523 sui
802 465 953 543 purgandi
975 467 1074 543 gratia
1102 467 1169 525 mit·

168 556 243 608 111111.
289 549 366 608 Haec
388 549 506 609 faciunt
528 550 806 628 recuperandorum
829 571 952 611 suorum
976 571 1083 626 causa;
1115 553 1170 611 sed

169 635 363 695 contaminati
385 633 521 695 facinore
545 642 576 694 61
599 636 681 714 capti
703 637 881 714 compendio
905 658 942 696 ex
965 636 1093 715 direptis
1115 639 1168 696 bo-

168 721 224 795 nis,
249 721 330 797 quod
354 741 390 780 ea
411 741 462 780 res
485 721 524 780 ad
547 721 659 781 multos
681 722 863 800 pertinebat,
889 729 919 781 et
940 723 1049 782 timore
1071 743 1170 800 poenae

169 807 305 866 exterriti
329 807 456 866 consilia
479 808 558 865 clam
581 807 619 866 de
641 807 722 866 bello
744 808 821 866 inire
842 808 991 886 incipiunt
1015 809 1170 869 civitates-

169 912 227 968 que
248 893 382 968 reliquas
405 893 608 970 legationibus
632 893 805 952 sollicitant.
853 893 928 964 Qua
957 894 1170 954 1611616106-

169 998 219 1037 sar
241 978 442 1055 intelligebat,
467 986 578 1054 tamen,
603 999 694 1055 quam
716 978 875 1037 mitissime
903 987 1020 1056 potest,
1045 971 1169 1056 'legatos

168 1063 316 1141 appellat:
340 1064 415 1122 nibil
437 1083 471 1123 se
493 1073 619 1142 propter
641 1064 833 1123 inscientiam
849 1064 1065 1140 levitatemque
1083 1066 1168 1142 vulgi

168 1149 292 1225 gravirm
316 1149 353 1208 de
377 1150 500 1209 civitate
526 1149 667 1227 judicare
695 1168 794 1225 neque
823 1149 861 1207 de
890 1169 945 1208 sua
972 1150 1003 1207 in
1033 1150 1170 1209 Haeduos

168 1234 381 1294 benevolentia
404 1234 587 1295 deminuere.
639 1237 713 1313 Ipse
740 1234 887 1312 majorem
917 1235 1025 1295 Galbae
1053 1244 1170 1295 motum

168 1326 342 1396 expectans,
372 1340 410 1378 ue
439 1322 476 1379 ab
506 1321 645 1380 omnibus
676 1321 853 1382 civitatibus
884 1321 1168 1396 circumsisteretur,

170 1406 296 1464 consilia
324 1406 434 1480 inibat,
470 1405 724 1481 quemadmodum
754 1408 791 1465 ab
822 1406 975 1483 Gergovia
998 1406 1170 1481 discederet

169 1510 204 1548 ac
227 1509 334 1550 rursus
364 1511 482 1549 omnem
513 1492 679 1550 exercitum
718 1492 925 1566 contraheret,
954 1511 992 1551 ne
1021 1491 1169 1569 protectio

169 1584 242 1635 nata
265 1577 302 1635 ab
326 1577 434 1635 timore
457 1576 639 1636 defectionis
663 1577 770 1636 similis
792 1575 872 1652 fugae
896 1577 1060 1636 videretur.

253 1661 369 1721 XLIV.
415 1663 492 1721 Haeo
527 1662 674 1739 cogitanti
709 1661 847 1721 accidere
869 1663 936 1722 visa
967 1670 1014 1721 est
1037 1662 1169 1723 facultas

168 1749 245 1807 bene
267 1748 311 1806 rei
333 1748 485 1824 gerendae.
531 1748 612 1807 Nam
634 1769 728 1823 quum
749 1748 779 1805 in
804 1747 922 1806 minora
945 1755 1046 1807 castra
1069 1751 1169 1826 operis
1275 1780 1277 1785 ·

168 1833 373 1911 perspiciendi
396 1853 489 1892 causa
511 1834 657 1908 venisset,
683 1827 1028 1909 animadvertitbollem,
1055 1836 1107 1909 qui
1131 1837 1168 1894 ab

168 1919 307 1977 hostibus
334 1920 506 1993 tenebatur,
535 1919 682 1978 nudatum
710 1919 897 1994 hominibus,
927 1920 978 1995 qui
1007 1921 1169 1998 superiori·

168 2004 226 2062 bus
249 2004 356 2063 diebus
379 2005 430 2063 vix
452 2025 516 2082 pree
539 2005 732 2064 multitudine
756 2005 838 2063 cerni
860 2010 990 2083 poterat.
1025 2006 1165 2065 Admira-

168 2101 218 2148 tus
240 2090 349 2166 quaerit
372 2110 408 2148 ex
431 2089 570 2167 perfugis
593 2111 726 2166 causam,
751 2111 878 2166 quorum
896 2111 1025 2167 magnus
1043 2091 1082 2150 ad
1101 2112 1171 2150 eum

172 2174 305 2251 quotidie
338 2195 483 2234 numerus
515 2175 694 2235 confluebat.
753 2176 921 2235 Constabat
953 2177 1033 2234 inter
1055 2196 1168 2250 omnes,

172 2261 252 2336 quod
270 2261 335 2337 jam
357 2261 425 2339 ipse
449 2260 553 2320 Caesar
574 2282 630 2339 per
653 2262 859 2338 exploratores
883 2269 1076 2336 cognoverat,
1101 2261 1169 2319 dor-

172 2367 239 2405 sum
262 2366 330 2405 esse
354 2346 421 2424 ejus
440 2347 509 2423 jugi
531 2366 626 2424 prope
650 2366 779 2421 aequum,
810 2345 865 2405 sed
888 2345 1028 2404 silvestre
1058 2353 1089 2404 et
1118 2367 1169 2405 an·

170 2439 303 2510 gustum,
338 2453 398 2508 qua
432 2440 515 2491 esset
548 2431 649 2490 aditus
678 2431 717 2490 ad
750 2432 877 2490 alteram
909 2438 1028 2508 partem
1051 2431 1168 2508 oppidi3

172 2519 368 2577 vehementer
390 2518 460 2577 huic
484 2518 552 2576 illos
575 2517 641 2576 loco
670 2517 776 2575 timere
809 2536 866 2575 nec
890 2516 957 2593 jam
985 2517 1074 2575 aliter
1101 2536 1170 2576 sen·

172 2604 238 2676 tire,
261 2624 320 2661 uno
344 2604 421 2662 colle
455 2605 492 2662 ab
526 2603 673 2661 Romanis
708 2610 855 2679 occupato
890 2603 917 2660 si
945 2601 1075 2660 alterum
1097 2603 1169 2661 ami-

171 2689 294 2763 sissent,
330 2689 402 2764 quin
435 2709 523 2767 paene
547 2687 767 2747 circumvallati
797 2693 888 2763 atque
918 2689 1000 2746 omni
1028 2689 1111 2747 exitu
1139 2696 1170 2747 et

170 2774 366 2851 pabulatione
393 2775 551 2834 interclusi
578 2773 770 2846 viderentur,
801 2772 840 2830 ad
867 2773 947 2832 hunc
975 2775 1171 2833 muniendum

172 2861 272 2918 locum
295 2879 400 2918 omnes
423 2881 441 2918 a
463 2859 715 2936 Vercingetorige
738 2866 890 2917 evocatos.

256 2945 355 3004 XLV.
400 2945 469 3004 Hac
490 2965 524 3004 re
547 2946 668 3021 cognita
682 2943 786 3003 Oaesar
796 2944 890 3002 mittit
901 2944 1073 3022 complures
1087 2945 1169 3020 equi·

171 3039 236 3089 tum
258 3038 376 3089 11111166
399 3051 433 3089 66
458 3030 496 3088 de
518 3029 618 3088 media
645 3037 749 3103 nocte;
784 3029 822 3088 iis
850 3029 989 3106 imperat,
1019 3035 1054 3086 ut
1074 3029 1172 3107 'paulo

171 3116 388 3175 tumultuosius
412 3117 550 3174 omnibus
573 3115 649 3174 locis
672 3122 922 3193 pervagarentur.
974 3115 1076 3173 Prima
1104 3115 1172 3174 luce

172 3222 315 3279 magnum
336 3221 496 3260 numerum
511 3199 796 3278 impedimentorum
821 3219 859 3258 ex
882 3200 991 3258 castris
1009 3201 1172 3259 mulorum·

172 3307 231 3363 que
264 3286 391 3364 produci
425 3287 522 3362 deque
556 3286 593 3345 iis
617 3293 784 3345 stramenta
813 3284 932 3344 detrahi
963 3286 1172 3363 mulionesque

173 3392 241 3430 oum
263 3372 445 3448 cassidibus
470 3373 605 3448 equitum
627 3373 729 3450 specie
752 3391 788 3430 ac
810 3371 1015 3446 simulatione,
1044 3373 1172 3431 collibus

173 3457 357 3517 circumvehi
376 3457 474 3533 jubet.
519 3458 579 3517 His
601 3477 716 3536 paucos
740 3456 826 3516 addit
848 3458 976 3533 equites,
1008 3457 1059 3533 qui
1081 3457 1172 3516 latius

173 3543 386 3603 ostentationis
410 3563 503 3602 causa
525 3551 720 3619 vagarentur.
767 3543 875 3619 Longo
899 3543 1026 3602 circuitu
1050 3542 1174 3601 easdem

174 3649 277 3688 omnes
296 3628 387 3705 jubet
407 3636 513 3706 petere
540 3629 689 3705 regiones.
744 3628 822 3687 Haec
855 3629 962 3705 procul
995 3647 1032 3685 ex
1061 3627 1172 3705 oppido

172 3714 364 3788 videbantur,
387 3721 421 3771 111
444 3722 510 3772 eret
532 3713 716 3790 aGergovia
739 3713 903 3791 despectus
925 3713 956 3770 in
980 3720 1097 3787 castra3
1121 3732 1172 3771 ne·

174 3820 232 3876 que
254 3800 341 3860 tanto
371 3800 480 3876 spatio,
515 3800 591 3859 certi
625 3798 699 3875 quid
732 3806 823 3873 esset,
858 3796 1009 3874 explorari
1042 3805 1172 3875 poterat.

121 3879 126 3887 ’
173 3886 341 3962 Legionem
364 3904 454 3942 unam
478 3885 584 3943 eodem
602 3884 678 3961 jugo
701 3885 794 3942 mittit
823 3891 854 3942 et
880 3883 1004 3961 paulum
1031 3903 1173 3960 progres-

175 3990 240 4030 sam
261 3969 406 4030 inferiore
429 3969 588 4029 constituit
611 3969 678 4029 loco
708 3969 855 4043 silvisque
884 3967 1025 4026 occultat.
1071 3968 1173 4046 Auge-
