2670 4456
605 281 793 337 mcaaiv.
1141 295 1181 353 67

168 474 262 533 bilem
283 482 398 534 motum
418 474 576 550 haberent,
601 475 769 536 adnutum
792 486 822 536 et
853 478 892 537 ad
919 486 1040 557 tempus
1070 502 1174 542 omnes

167 579 218 619 res
242 561 280 618 ab
302 560 341 619 iis
364 559 658 620 administrarentur.
703 562 761 620 His
785 563 920 623 dimissis
943 572 974 624 et
997 574 1121 626 ventum
1144 575 1175 627 et

169 653 277 706 aestum
304 666 364 705 uuo
397 654 533 724 tempore
566 655 675 706 nactus
710 649 891 724 secundum,
927 650 998 709 dato
1028 653 1114 729 signo
1144 661 1175 712 et

169 732 298 790 sublatis
322 731 441 791 ancoris
464 731 585 791 circiter
613 733 696 791 milia
712 754 859 811 passuum
887 735 952 795 VII
981 738 1018 795 ab
1044 759 1078 797 eo
1106 739 1173 798 loco

168 836 352 895 progressus
376 824 482 895 aperto
506 838 541 877 ac
563 819 654 895 plano
677 819 767 878 litore
789 840 885 881 naves
910 822 1077 881 coustituit.

254 903 375 963 XXIV.
420 902 463 961 At
494 904 618 963 barbari
651 905 776 964 consilio
811 907 1018 965 Romanorum
1040 910 1173 985 cognito,

167 989 327 1066 praemisso
350 989 487 1064 equitatu
510 996 542 1048 et
564 990 737 1065 essedariis,
770 1011 828 1066 quo
856 992 1034 1069 plerumque
1062 1015 1175 1070 genere

167 1075 198 1133 in
220 1074 336 1152 proeliis
358 1074 404 1133 uti
426 1083 626 1150 consuerunt,
655 1076 779 1152 reliquis
810 1078 905 1155 copiis
934 1079 1091 1137 subsecuti
1121 1100 1174 1138 110-

168 1166 249 1220 stros
270 1160 402 1220 navibus
424 1159 528 1237 egredi
550 1161 760 1238 prohibebant.
813 1164 890 1222 Erat
919 1164 957 1222 ob
986 1165 1042 1223 has
1066 1185 1175 1224 causas

168 1266 286 1305 summa
319 1244 499 1321 difficultas,
535 1247 616 1323 quod
649 1267 744 1306 naves
777 1256 904 1326 propter
936 1250 1176 1327 magnitudinem

167 1332 226 1390 nisi
248 1331 281 1389 in
303 1330 364 1390 alto
389 1332 533 1391 constitui
555 1352 616 1390 non
644 1342 800 1410 poterant,
832 1334 978 1394 militibus
1008 1344 1108 1394 autem
1130 1337 1174 1414 ig-

165 1417 248 1475 notis
281 1416 367 1491 locis,
401 1416 557 1495 impeditis
590 1419 729 1477 manibus
764 1440 873 1496 magno
908 1430 940 1480 et
967 1423 1055 1497 gravi
1084 1443 1175 1482 onere

168 1522 329 1576 armorum,
353 1502 443 1561 simul
470 1511 501 1561 et
530 1503 567 1561 de
596 1504 725 1563 navibus
754 1504 955 1564 desiliendum
983 1516 1014 1565 ot
1041 1509 1072 1565 iu
1100 1507 1174 1567 fluc-

166 1589 249 1647 tibus
277 1586 504 1647 consistendum
533 1594 564 1647 et
594 1609 662 1647 cum
696 1589 836 1649 hostibus
872 1598 937 1649 erat
966 1593 1173 1669 pugnandum,

168 1694 260 1749 quum
281 1673 326 1731 illi
354 1680 406 1732 aut
429 1693 466 1732 ex
489 1673 573 1731 arido
602 1681 654 1732 aut
676 1675 800 1751 paulum
821 1676 852 1733 in
876 1697 985 1751 aquam
1007 1680 1173 1755 progressi,

168 1760 308 1820 omnibus
340 1759 483 1818 membris
517 1759 684 1837 expeditiS,
717 1761 886 1819 notissimis
919 1762 995 1820 locis
1029 1763 1175 1823 audacter

166 1845 229 1904 tela
251 1844 438 1922 conjicerent
460 1852 491 1904 et
513 1864 607 1920 equos
629 1845 816 1905 insuefactos
839 1847 1009 1906 incitarent.
1056 1848 1173 1919 Quibus

166 1932 259 1990 rebus
302 1931 400 1989 nostri
443 1931 599 2008 perterriti
643 1938 734 2007 atque
778 1931 869 2008 hujus
904 1934 1023 1992 omnino
1052 1936 1173 2011 generis

166 2037 277 2095 pugnae
310 2016 442 2094 imperiti
474 2036 535 2075 non
568 2017 675 2076 eadem
707 2018 865 2077 alacritate
895 2039 930 2077 ac
960 2020 1077 2095 studio,
1113 2041 1172 2096 quo

166 2104 197 2162 in
219 2102 415 2181 pedestribus
437 2102 482 2160 uti
503 2101 619 2180 proeliis
643 2112 835 2179 consverant,
858 2104 1043 2163 nitebantur.

251 2188 355 2248 XXV.
390 2187 480 2259 Quod
495 2188 548 2246 ubi
562 2186 666 2246 Oaesar
688 2189 911 2264 animadvertit,
935 2210 1030 2251 naves
1054 2191 1172 2268 longas,

166 2294 294 2350 quarum
316 2280 347 2332 et
369 2273 488 2351 species
511 2280 576 2332 erat
597 2275 737 2333 barbaris
760 2275 934 2333 inusitatior
956 2284 987 2334 et
1010 2284 1110 2334 motus
1134 2277 1174 2334 ad

160 2378 250 2418 usum
274 2358 452 2437 expeditior,
475 2359 602 2436 paulurn
625 2360 776 2419 removeri
804 2360 841 2417 ab
873 2361 1019 2419 onerariis
1042 2362 1172 2420 navibus

162 2455 194 2504 et
214 2445 307 2503 remis
329 2444 450 2505 incitari
474 2452 504 2503 et
528 2444 672 2503 adlatus
696 2452 836 2521 apertum
866 2444 1000 2503 hostium
1028 2447 1174 2505 constitui

163 2538 254 2606 atque
276 2530 348 2588 inde
370 2528 484 2605 fundis,
509 2530 642 2606 sagittis,
666 2530 827 2588 tormentis
856 2530 962 2588 hostes
985 2532 1115 2609 propelli
1138 2553 1174 2590 ac

163 2615 345 2675 summoveri
374 2614 483 2690 jussit;
519 2635 586 2691 quae
622 2635 673 2674 res
707 2635 817 2692 magno
853 2617 925 2674 usui
956 2618 1070 2676 nostris
1105 2617 1173 2676 fuit.

162 2700 242 2760 Nam
272 2707 303 2759 et
328 2701 452 2761 navium
479 2700 577 2777 figura
605 2709 636 2759 et
662 2722 814 2760 remorum
846 2710 932 2761 motu
966 2710 996 2760 et
1025 2704 1172 2762 inusitato

161 2806 274 2864 genere
311 2793 530 2845 tormentorum
567 2787 696 2863 permoti
735 2788 858 2846 barbari
899 2789 1102 2847 constiterunt
1137 2809 1173 2848 ac

161 2873 287 2950 paulum
308 2871 398 2930 modo
426 2871 537 2949 pedem
565 2872 743 2930 retulerunt.
793 2872 897 2948 Atque
925 2875 1040 2932 nostris
1070 2875 1173 2933 militi-

162 2959 221 3017 bus
254 2957 484 3031 cunctantibus,
520 2959 649 3016 maxime
682 2966 808 3036 propter
842 2958 1033 3017 altitudinem
1067 2960 1171 3034 maris,

163 3043 215 3119 qui
237 3042 363 3101 decima
385 3041 514 3119 legionis
536 3044 669 3118 aquilam
696 3042 832 3118 ferebat,
865 3051 1055 3102 contestatus
1085 3044 1171 3119 deos,

161 3136 198 3186 ut
230 3146 266 3186 ea
298 3147 349 3186 res
382 3128 495 3205 legioni
528 3126 659 3186 feliciter
699 3129 849 3190 eveniret:
884 3129 1030 3204 Desilite,
1060 3129 1170 3206 inquit,

161 3213 285 3288 milites,
307 3212 369 3271 nisi
390 3213 484 3272 vultis
507 3214 638 3289 aquilam
660 3214 799 3273 hostibus
822 3214 968 3292 prodere;
1000 3234 1056 3292 ego
1088 3223 1172 3275 certe

162 3319 263 3358 meum
284 3299 328 3358 rei
350 3299 480 3376 pubhcae
504 3306 594 3374 atque
621 3300 798 3376 imperatori
827 3298 962 3358 officium
984 3302 1170 3378 praestitero

162 3385 231 3444 Hoc
265 3404 358 3461 quum
389 3405 465 3444 voce
498 3405 609 3461 magna
643 3385 786 3460 dixisset,
817 3405 850 3444 se
881 3406 918 3444 ex
945 3387 1017 3447 navi
1040 3381 1172 3467 projecit

163 3477 256 3546 atque
277 3471 310 3528 in
331 3470 436 3529 hostes
465 3471 597 3546 aquilam
624 3469 705 3530 ferre
733 3472 834 3548 coepit.
891 3472 969 3530 Tum
995 3473 1093 3530 nostri
1122 3492 1171 3531 co-

162 3555 277 3615 hortati
298 3556 378 3614 inter
406 3575 454 3630 se,
482 3576 522 3614 ne
549 3562 667 3614 tantum
695 3555 829 3615 dedecus
862 3556 1081 3632 admitteretur,
1105 3557 1171 3614 uni-

162 3641 246 3705 versi
269 3661 306 3700 ex
328 3641 399 3701 navi
422 3640 621 3716 desiluerunt;
646 3642 701 3701 hos
723 3642 797 3700 item
819 3661 857 3700 ex
879 3642 1024 3719 proximis
1044 3639 1168 3718 [primis]

162 3726 293 3786 navibus
317 3746 408 3801 quum
431 3727 677 3804 conspexissent,
706 3728 863 3787 subsecuti
889 3726 1029 3786 hostibus
1059 3746 1168 3804 appro-

163 3812 359 3890 pinquarunt.
971 3888 1007 3939 μ
