<?xml version="1.0" encoding="UTF-8"?>
<!DOCTYPE html PUBLIC "-//W3C//DTD XHTML 1.0 Transitional//EN"
    "http://www.w3.org/TR/xhtml1/DTD/xhtml1-transitional.dtd">
<html xmlns="http://www.w3.org/1999/xhtml" xml:lang="en" lang="en">
 <head>
  <title>
</title>
<meta http-equiv="Content-Type" content="text/html;charset=utf-8" />
  <meta name='ocr-system' content='tesseract 3.04.00' />
  <meta name='ocr-capabilities' content='ocr_page ocr_carea ocr_par ocr_line ocrx_word'/>
</head>
<body>
  <div class='ocr_page' id='page_1' title='image "./debellogallico00caesgoog_0158.png"; bbox 0 0 2670 4456; ppageno 0'>
   <div class='ocr_carea' id='block_1_1' title="bbox 567 262 1168 328">
    <p class='ocr_par' dir='ltr' id='par_1_1' title="bbox 567 262 1168 328">
     <span class='ocr_line' id='line_1_1' title="bbox 567 262 1168 328; baseline -0.003 -12"><span class='ocrx_word' id='word_1_1' title='bbox 567 262 770 316; x_wconf 78' lang='grc'><strong>11111111.</strong></span> <span class='ocrx_word' id='word_1_2' title='bbox 1108 270 1168 328; x_wconf 80' lang='lat'>149</span> 
     </span>
    </p>
   </div>
   <div class='ocr_carea' id='block_1_2' title="bbox 143 458 1170 3884">
    <p class='ocr_par' dir='ltr' id='par_1_2' title="bbox 143 458 1170 1739">
     <span class='ocr_line' id='line_1_2' title="bbox 167 458 1168 536; baseline 0 -19"><span class='ocrx_word' id='word_1_3' title='bbox 167 459 235 518; x_wconf 88' lang='lat' dir='ltr'>illos</span> <span class='ocrx_word' id='word_1_4' title='bbox 257 460 366 518; x_wconf 88' lang='lat' dir='ltr'>merita</span> <span class='ocrx_word' id='word_1_5' title='bbox 387 459 530 536; x_wconf 91' lang='lat' dir='ltr'>proponit</span> <span class='ocrx_word' id='word_1_6' title='bbox 541 460 782 535; x_wconf 86' lang='lat' dir='ltr'>obtestaturque,</span> <span class='ocrx_word' id='word_1_7' title='bbox 806 466 840 515; x_wconf 93' lang='lat' dir='ltr'>ut</span> <span class='ocrx_word' id='word_1_8' title='bbox 863 477 927 516; x_wconf 87' lang='lat' dir='ltr'>suae</span> <span class='ocrx_word' id='word_1_9' title='bbox 952 458 1060 517; x_wconf 90' lang='lat' dir='ltr'>salutis</span> <span class='ocrx_word' id='word_1_10' title='bbox 1077 459 1168 518; x_wconf 87' lang='lat' dir='ltr'>ratio-</span> 
     </span>
     <span class='ocr_line' id='line_1_3' title="bbox 166 544 1169 623; baseline 0.001 -20"><span class='ocrx_word' id='word_1_11' title='bbox 166 565 237 604; x_wconf 87' lang='lat' dir='ltr'>nem</span> <span class='ocrx_word' id='word_1_12' title='bbox 259 546 401 620; x_wconf 75' lang='lat' dir='ltr'><strong>habeant,</strong></span> <span class='ocrx_word' id='word_1_13' title='bbox 425 564 485 603; x_wconf 90' lang='lat' dir='ltr'>neu</span> <span class='ocrx_word' id='word_1_14' title='bbox 509 564 552 621; x_wconf 90' lang='lat' dir='ltr'>se,</span> <span class='ocrx_word' id='word_1_15' title='bbox 576 546 688 623; x_wconf 88' lang='lat' dir='ltr'>optime</span> <span class='ocrx_word' id='word_1_16' title='bbox 712 544 750 604; x_wconf 89' lang='lat' dir='ltr'>de</span> <span class='ocrx_word' id='word_1_17' title='bbox 773 545 924 603; x_wconf 89' lang='lat' dir='ltr'>communi</span> <span class='ocrx_word' id='word_1_18' title='bbox 946 544 1088 604; x_wconf 88' lang='lat' dir='ltr'>libertate</span> <span class='ocrx_word' id='word_1_19' title='bbox 1107 565 1169 604; x_wconf 90' lang='lat' dir='ltr'>me-</span> 
     </span>
     <span class='ocr_line' id='line_1_4' title="bbox 167 629 1168 708; baseline -0.001 -19"><span class='ocrx_word' id='word_1_20' title='bbox 167 632 268 705; x_wconf 89' lang='lat' dir='ltr'>ritum,</span> <span class='ocrx_word' id='word_1_21' title='bbox 291 630 431 690; x_wconf 80' lang='lat' dir='ltr'>hostibus</span> <span class='ocrx_word' id='word_1_22' title='bbox 454 631 484 689; x_wconf 90' lang='lat' dir='ltr'>iu</span> <span class='ocrx_word' id='word_1_23' title='bbox 508 632 675 689; x_wconf 88' lang='lat' dir='ltr'>cruciatum</span> <span class='ocrx_word' id='word_1_24' title='bbox 698 629 825 703; x_wconf 88' lang='lat' dir='ltr'>dedant;</span> <span class='ocrx_word' id='word_1_25' title='bbox 857 630 938 706; x_wconf 89' lang='lat' dir='ltr'>quod</span> <span class='ocrx_word' id='word_1_26' title='bbox 961 631 988 689; x_wconf 90' lang='lat' dir='ltr'>si</span> <span class='ocrx_word' id='word_1_27' title='bbox 1010 631 1168 708; x_wconf 85' lang='lat' dir='ltr'>indiligen-</span> 
     </span>
     <span class='ocr_line' id='line_1_5' title="bbox 167 715 1170 790; baseline 0.001 -15"><span class='ocrx_word' id='word_1_28' title='bbox 167 718 261 776; x_wconf 79' lang='lat' dir='ltr'>tiores</span> <span class='ocrx_word' id='word_1_29' title='bbox 283 716 406 790; x_wconf 79' lang='lat' dir='ltr'>fuerint,</span> <span class='ocrx_word' id='word_1_30' title='bbox 430 717 512 775; x_wconf 89' lang='lat' dir='ltr'>milia</span> <span class='ocrx_word' id='word_1_31' title='bbox 534 717 687 775; x_wconf 90' lang='lat' dir='ltr'>hominum</span> <span class='ocrx_word' id='word_1_32' title='bbox 710 716 830 775; x_wconf 88' lang='lat' dir='ltr'>delecta</span> <span class='ocrx_word' id='word_1_33' title='bbox 851 715 976 774; x_wconf 91' lang='lat' dir='ltr'>LXXX</span> <span class='ocrx_word' id='word_1_34' title='bbox 993 736 1170 776; x_wconf 89' lang='lat' dir='ltr'>unasecum</span> 
     </span>
     <span class='ocr_line' id='line_1_6' title="bbox 166 801 1169 878; baseline 0.002 -17"><span class='ocrx_word' id='word_1_35' title='bbox 166 803 329 863; x_wconf 85' lang='lat' dir='ltr'>interitura</span> <span class='ocrx_word' id='word_1_36' title='bbox 351 803 554 877; x_wconf 69' lang='lat' dir='ltr'>demonstrat,</span> <span class='ocrx_word' id='word_1_37' title='bbox 589 802 706 862; x_wconf 87' lang='lat' dir='ltr'>ratione</span> <span class='ocrx_word' id='word_1_38' title='bbox 739 802 815 860; x_wconf 90' lang='lat' dir='ltr'>inita</span> <span class='ocrx_word' id='word_1_39' title='bbox 848 801 956 878; x_wconf 88' lang='lat' dir='ltr'>exigue</span> <span class='ocrx_word' id='word_1_40' title='bbox 990 802 1106 862; x_wconf 82' lang='lat' dir='ltr'>dierum</span> <span class='ocrx_word' id='word_1_41' title='bbox 1135 823 1169 863; x_wconf 87' lang='grc'>11</span> 
     </span>
     <span class='ocr_line' id='line_1_7' title="bbox 165 887 1169 966; baseline 0 -19"><span class='ocrx_word' id='word_1_42' title='bbox 165 889 279 948; x_wconf 91' lang='lat' dir='ltr'>habere</span> <span class='ocrx_word' id='word_1_43' title='bbox 301 889 399 947; x_wconf 89' lang='lat' dir='ltr'>XXX</span> <span class='ocrx_word' id='word_1_44' title='bbox 420 888 614 963; x_wconf 77' lang='lat' dir='ltr'>trumentum,</span> <span class='ocrx_word' id='word_1_45' title='bbox 638 888 694 947; x_wconf 89' lang='lat' dir='ltr'>sed</span> <span class='ocrx_word' id='word_1_46' title='bbox 716 887 805 966; x_wconf 91' lang='lat' dir='ltr'>paulo</span> <span class='ocrx_word' id='word_1_47' title='bbox 830 888 921 946; x_wconf 89' lang='lat' dir='ltr'>etiam</span> <span class='ocrx_word' id='word_1_48' title='bbox 950 888 1071 965; x_wconf 85' lang='lat' dir='ltr'>longius</span> <span class='ocrx_word' id='word_1_49' title='bbox 1094 890 1169 948; x_wconf 89' lang='grc'><strong>1011-</strong></span> 
     </span>
     <span class='ocr_line' id='line_1_8' title="bbox 165 972 1168 1051; baseline 0.001 -19"><span class='ocrx_word' id='word_1_50' title='bbox 165 976 227 1034; x_wconf 87' lang='lat' dir='ltr'>rari</span> <span class='ocrx_word' id='word_1_51' title='bbox 250 995 342 1051; x_wconf 89' lang='lat' dir='ltr'>posse</span> <span class='ocrx_word' id='word_1_52' title='bbox 365 995 479 1051; x_wconf 89' lang='lat' dir='ltr'>parcen</span> <span class='ocrx_word' id='word_1_53' title='bbox 488 974 529 1032; x_wconf 89' lang='lat' dir='ltr'>lo.</span> <span class='ocrx_word' id='word_1_54' title='bbox 574 975 633 1032; x_wconf 88' lang='lat' dir='ltr'>His</span> <span class='ocrx_word' id='word_1_55' title='bbox 657 974 737 1032; x_wconf 89' lang='lat' dir='ltr'>datis</span> <span class='ocrx_word' id='word_1_56' title='bbox 759 972 922 1048; x_wconf 86' lang='lat' dir='ltr'>mandatis,</span> <span class='ocrx_word' id='word_1_57' title='bbox 947 993 1009 1048; x_wconf 88' lang='lat' dir='ltr'>qua</span> <span class='ocrx_word' id='word_1_58' title='bbox 1030 983 1168 1033; x_wconf 90' lang='lat' dir='ltr'>nostrum</span> 
     </span>
     <span class='ocr_line' id='line_1_9' title="bbox 168 1059 1168 1138; baseline 0 -19"><span class='ocrx_word' id='word_1_59' title='bbox 168 1080 244 1138; x_wconf 89' lang='lat' dir='ltr'>opus</span> <span class='ocrx_word' id='word_1_60' title='bbox 268 1070 334 1119; x_wconf 90' lang='lat' dir='ltr'>erat</span> <span class='ocrx_word' id='word_1_61' title='bbox 355 1061 571 1136; x_wconf 88' lang='lat' dir='ltr'>intermissum,</span> <span class='ocrx_word' id='word_1_62' title='bbox 605 1059 739 1119; x_wconf 87' lang='lat' dir='ltr'>secunda</span> <span class='ocrx_word' id='word_1_63' title='bbox 768 1059 873 1136; x_wconf 84' lang='lat' dir='ltr'>vigilia</span> <span class='ocrx_word' id='word_1_64' title='bbox 902 1059 1022 1118; x_wconf 90' lang='lat' dir='ltr'>silentio</span> <span class='ocrx_word' id='word_1_65' title='bbox 1052 1061 1168 1135; x_wconf 88' lang='lat' dir='ltr'>equita·</span> 
     </span>
     <span class='ocr_line' id='line_1_10' title="bbox 143 1144 1168 1223; baseline 0.001 -19"><span class='ocrx_word' id='word_1_66' title='bbox 143 1154 231 1223; x_wconf 85' lang='lat' dir='ltr'>¹tum</span> <span class='ocrx_word' id='word_1_67' title='bbox 255 1146 394 1219; x_wconf 83' lang='lat' dir='ltr'>dimittit:</span> <span class='ocrx_word' id='word_1_68' title='bbox 418 1146 603 1205; x_wconf 87' lang='lat' dir='ltr'>frumentum</span> <span class='ocrx_word' id='word_1_69' title='bbox 626 1166 714 1206; x_wconf 90' lang='lat' dir='ltr'>omne</span> <span class='ocrx_word' id='word_1_70' title='bbox 738 1146 777 1205; x_wconf 90' lang='lat' dir='ltr'>ad</span> <span class='ocrx_word' id='word_1_71' title='bbox 800 1166 833 1206; x_wconf 90' lang='lat' dir='ltr'>se</span> <span class='ocrx_word' id='word_1_72' title='bbox 856 1144 964 1203; x_wconf 85' lang='lat' dir='ltr'>referri</span> <span class='ocrx_word' id='word_1_73' title='bbox 983 1145 1088 1221; x_wconf 72' lang='lat' dir='ltr'>jubet,</span> <span class='ocrx_word' id='word_1_74' title='bbox 1119 1165 1168 1205; x_wconf 88' lang='lat' dir='ltr'>ca-</span> 
     </span>
     <span class='ocr_line' id='line_1_11' title="bbox 167 1232 1168 1310; baseline -0.001 -20"><span class='ocrx_word' id='word_1_75' title='bbox 167 1233 240 1310; x_wconf 90' lang='lat' dir='ltr'>pitis</span> <span class='ocrx_word' id='word_1_76' title='bbox 263 1252 385 1310; x_wconf 91' lang='lat' dir='ltr'>poenam</span> <span class='ocrx_word' id='word_1_77' title='bbox 407 1232 455 1308; x_wconf 90' lang='lat' dir='ltr'>iis,</span> <span class='ocrx_word' id='word_1_78' title='bbox 486 1234 537 1308; x_wconf 91' lang='lat' dir='ltr'>qui</span> <span class='ocrx_word' id='word_1_79' title='bbox 566 1252 627 1291; x_wconf 94' lang='lat' dir='ltr'>non</span> <span class='ocrx_word' id='word_1_80' title='bbox 655 1233 822 1310; x_wconf 88' lang='lat' dir='ltr'>paruerint,</span> <span class='ocrx_word' id='word_1_81' title='bbox 858 1232 1030 1305; x_wconf 84' lang='lat' dir='ltr'>constituit3</span> <span class='ocrx_word' id='word_1_82' title='bbox 1061 1252 1168 1308; x_wconf 87' lang='lat' dir='ltr'>pecus,</span> 
     </span>
     <span class='ocr_line' id='line_1_12' title="bbox 169 1317 1170 1396; baseline 0 -20"><span class='ocrx_word' id='word_1_83' title='bbox 169 1318 256 1394; x_wconf 81' lang='lat' dir='ltr'>cujus</span> <span class='ocrx_word' id='word_1_84' title='bbox 285 1339 396 1395; x_wconf 85' lang='lat' dir='ltr'>magne</span> <span class='ocrx_word' id='word_1_85' title='bbox 419 1327 484 1378; x_wconf 88' lang='lat' dir='ltr'>erat</span> <span class='ocrx_word' id='word_1_86' title='bbox 508 1320 595 1396; x_wconf 84' lang='lat' dir='ltr'>copia</span> <span class='ocrx_word' id='word_1_87' title='bbox 617 1319 654 1378; x_wconf 92' lang='lat' dir='ltr'>ab</span> <span class='ocrx_word' id='word_1_88' title='bbox 667 1318 841 1377; x_wconf 77' lang='lat' dir='ltr'>Mandubiis</span> <span class='ocrx_word' id='word_1_89' title='bbox 865 1317 1031 1395; x_wconf 87' lang='lat' dir='ltr'>compulsa,</span> <span class='ocrx_word' id='word_1_90' title='bbox 1055 1318 1170 1378; x_wconf 88' lang='lat' dir='ltr'>viritim</span> 
     </span>
     <span class='ocr_line' id='line_1_13' title="bbox 169 1403 1167 1482; baseline 0 -20"><span class='ocrx_word' id='word_1_91' title='bbox 169 1404 338 1478; x_wconf 76' lang='lat' dir='ltr'>distribuit3</span> <span class='ocrx_word' id='word_1_92' title='bbox 363 1403 547 1463; x_wconf 79' lang='lat' dir='ltr'>frumentum</span> <span class='ocrx_word' id='word_1_93' title='bbox 568 1424 660 1482; x_wconf 89' lang='lat' dir='ltr'>parce</span> <span class='ocrx_word' id='word_1_94' title='bbox 683 1413 714 1463; x_wconf 90' lang='lat' dir='ltr'>et</span> <span class='ocrx_word' id='word_1_95' title='bbox 735 1404 882 1482; x_wconf 88' lang='lat' dir='ltr'>paulatim</span> <span class='ocrx_word' id='word_1_96' title='bbox 904 1404 1004 1463; x_wconf 87' lang='lat' dir='ltr'>metiri</span> <span class='ocrx_word' id='word_1_97' title='bbox 1020 1404 1167 1477; x_wconf 82' lang='lat' dir='ltr'>institrut;</span> 
     </span>
     <span class='ocr_line' id='line_1_14' title="bbox 169 1490 1168 1569; baseline -0.001 -20"><span class='ocrx_word' id='word_1_98' title='bbox 169 1491 272 1568; x_wconf 88' lang='lat' dir='ltr'>copias</span> <span class='ocrx_word' id='word_1_99' title='bbox 308 1509 422 1565; x_wconf 89' lang='lat' dir='ltr'>omnes,</span> <span class='ocrx_word' id='word_1_100' title='bbox 457 1511 534 1565; x_wconf 90' lang='lat' dir='ltr'>quas</span> <span class='ocrx_word' id='word_1_101' title='bbox 567 1510 621 1569; x_wconf 90' lang='lat' dir='ltr'>pro</span> <span class='ocrx_word' id='word_1_102' title='bbox 656 1490 767 1568; x_wconf 91' lang='lat' dir='ltr'>oppido</span> <span class='ocrx_word' id='word_1_103' title='bbox 791 1490 1004 1564; x_wconf 78' lang='lat' dir='ltr'>collocaverat,</span> <span class='ocrx_word' id='word_1_104' title='bbox 1029 1490 1060 1548; x_wconf 93' lang='lat' dir='ltr'>in</span> <span class='ocrx_word' id='word_1_105' title='bbox 1083 1491 1168 1568; x_wconf 92' lang='lat' dir='ltr'>oppi-</span> 
     </span>
     <span class='ocr_line' id='line_1_15' title="bbox 169 1575 1169 1653; baseline 0 -19"><span class='ocrx_word' id='word_1_106' title='bbox 169 1576 240 1634; x_wconf 91' lang='lat' dir='ltr'>dum</span> <span class='ocrx_word' id='word_1_107' title='bbox 262 1577 387 1653; x_wconf 87' lang='lat' dir='ltr'>recepit.</span> <span class='ocrx_word' id='word_1_108' title='bbox 423 1576 482 1634; x_wconf 89' lang='lat' dir='ltr'>His</span> <span class='ocrx_word' id='word_1_109' title='bbox 501 1576 669 1634; x_wconf 88' lang='lat' dir='ltr'>rationibus</span> <span class='ocrx_word' id='word_1_110' title='bbox 689 1576 801 1634; x_wconf 59' lang='lat' dir='ltr'>auxilia</span> <span class='ocrx_word' id='word_1_111' title='bbox 818 1575 927 1634; x_wconf 82' lang='lat' dir='ltr'>Galliae</span> <span class='ocrx_word' id='word_1_112' title='bbox 951 1583 1113 1653; x_wconf 86' lang='lat' dir='ltr'>expectare</span> <span class='ocrx_word' id='word_1_113' title='bbox 1138 1584 1169 1633; x_wconf 91' lang='lat' dir='ltr'>et</span> 
     </span>
     <span class='ocr_line' id='line_1_16' title="bbox 167 1661 633 1739; baseline -0.006 -18"><span class='ocrx_word' id='word_1_114' title='bbox 167 1663 280 1721; x_wconf 90' lang='lat' dir='ltr'>bellum</span> <span class='ocrx_word' id='word_1_115' title='bbox 302 1669 392 1739; x_wconf 90' lang='lat' dir='ltr'>parat</span> <span class='ocrx_word' id='word_1_116' title='bbox 414 1661 633 1720; x_wconf 88' lang='lat' dir='ltr'>administrare.</span> 
     </span>
    </p>

    <p class='ocr_par' dir='ltr' id='par_1_3' title="bbox 164 1745 1170 3266">
     <span class='ocr_line' id='line_1_17' title="bbox 254 1745 1167 1823; baseline -0.002 -18"><span class='ocrx_word' id='word_1_117' title='bbox 254 1747 390 1806; x_wconf 79' lang='lat' dir='ltr'>LXXII.</span> <span class='ocrx_word' id='word_1_118' title='bbox 437 1746 555 1819; x_wconf 77' lang='lat' dir='ltr'>Quibus</span> <span class='ocrx_word' id='word_1_119' title='bbox 577 1749 669 1805; x_wconf 90' lang='lat' dir='ltr'>rebus</span> <span class='ocrx_word' id='word_1_120' title='bbox 693 1747 822 1823; x_wconf 88' lang='lat' dir='ltr'>cognitis</span> <span class='ocrx_word' id='word_1_121' title='bbox 841 1767 878 1805; x_wconf 87' lang='lat' dir='ltr'>ex</span> <span class='ocrx_word' id='word_1_122' title='bbox 898 1745 1035 1823; x_wconf 83' lang='lat' dir='ltr'>perfugis</span> <span class='ocrx_word' id='word_1_123' title='bbox 1055 1753 1085 1805; x_wconf 92' lang='lat' dir='ltr'>et</span> <span class='ocrx_word' id='word_1_124' title='bbox 1097 1767 1167 1823; x_wconf 90' lang='lat' dir='ltr'>cap-</span> 
     </span>
     <span class='ocr_line' id='line_1_18' title="bbox 169 1831 1168 1911; baseline -0.001 -20"><span class='ocrx_word' id='word_1_125' title='bbox 169 1835 240 1892; x_wconf 85' lang='lat' dir='ltr'>tivis</span> <span class='ocrx_word' id='word_1_126' title='bbox 266 1833 370 1892; x_wconf 80' lang='lat' dir='ltr'>Caesar</span> <span class='ocrx_word' id='word_1_127' title='bbox 398 1834 464 1892; x_wconf 84' lang='lat' dir='ltr'>haec</span> <span class='ocrx_word' id='word_1_128' title='bbox 498 1854 611 1911; x_wconf 84' lang='lat' dir='ltr'>genera</span> <span class='ocrx_word' id='word_1_129' title='bbox 643 1833 817 1892; x_wconf 90' lang='lat' dir='ltr'>munitionis</span> <span class='ocrx_word' id='word_1_130' title='bbox 846 1833 988 1891; x_wconf 78' lang='lat' dir='ltr'>instituit.</span> <span class='ocrx_word' id='word_1_131' title='bbox 1039 1831 1168 1891; x_wconf 79' lang='lat' dir='ltr'>Fossam</span> 
     </span>
     <span class='ocr_line' id='line_1_19' title="bbox 168 1917 1170 1996; baseline -0.001 -18"><span class='ocrx_word' id='word_1_132' title='bbox 168 1919 279 1996; x_wconf 88' lang='lat' dir='ltr'>pedum</span> <span class='ocrx_word' id='word_1_133' title='bbox 290 1919 356 1977; x_wconf 89' lang='lat' dir='ltr'>XX</span> <span class='ocrx_word' id='word_1_134' title='bbox 368 1919 493 1978; x_wconf 89' lang='lat' dir='ltr'>directis</span> <span class='ocrx_word' id='word_1_135' title='bbox 515 1919 663 1978; x_wconf 90' lang='lat' dir='ltr'>lateribus</span> <span class='ocrx_word' id='word_1_136' title='bbox 686 1919 781 1993; x_wconf 87' lang='lat' dir='ltr'>duxit,</span> <span class='ocrx_word' id='word_1_137' title='bbox 805 1926 839 1977; x_wconf 95' lang='lat' dir='ltr'>ut</span> <span class='ocrx_word' id='word_1_138' title='bbox 864 1919 931 1996; x_wconf 87' lang='lat' dir='ltr'>ejus</span> <span class='ocrx_word' id='word_1_139' title='bbox 956 1917 1050 1977; x_wconf 87' lang='grc'><strong>101111</strong></span> <span class='ocrx_word' id='word_1_140' title='bbox 1071 1919 1170 1977; x_wconf 92' lang='lat' dir='ltr'>solum</span> 
     </span>
     <span class='ocr_line' id='line_1_20' title="bbox 168 2004 1167 2083; baseline 0 -20"><span class='ocrx_word' id='word_1_141' title='bbox 168 2005 347 2064; x_wconf 84' lang='lat' dir='ltr'>tantundem</span> <span class='ocrx_word' id='word_1_142' title='bbox 366 2013 494 2083; x_wconf 89' lang='lat' dir='ltr'>pateret,</span> <span class='ocrx_word' id='word_1_143' title='bbox 513 2013 659 2081; x_wconf 88' lang='lat' dir='ltr'>quantum</span> <span class='ocrx_word' id='word_1_144' title='bbox 672 2026 790 2064; x_wconf 83' lang='lat' dir='ltr'>summa</span> <span class='ocrx_word' id='word_1_145' title='bbox 801 2004 895 2064; x_wconf 78' lang='grc'><strong>101111</strong></span> <span class='ocrx_word' id='word_1_146' title='bbox 908 2005 995 2063; x_wconf 91' lang='lat' dir='ltr'>labra</span> <span class='ocrx_word' id='word_1_147' title='bbox 1007 2005 1167 2064; x_wconf 86' lang='lat' dir='ltr'>distarent.</span> 
     </span>
     <span class='ocr_line' id='line_1_21' title="bbox 168 2090 1167 2169; baseline 0 -21"><span class='ocrx_word' id='word_1_148' title='bbox 168 2090 315 2166; x_wconf 83' lang='lat' dir='ltr'>Reliquas</span> <span class='ocrx_word' id='word_1_149' title='bbox 332 2112 437 2150; x_wconf 89' lang='lat' dir='ltr'>omnes</span> <span class='ocrx_word' id='word_1_150' title='bbox 456 2093 638 2150; x_wconf 81' lang='lat' dir='ltr'>munitiones</span> <span class='ocrx_word' id='word_1_151' title='bbox 657 2093 694 2150; x_wconf 89' lang='lat' dir='ltr'>ab</span> <span class='ocrx_word' id='word_1_152' title='bbox 714 2091 847 2150; x_wconf 89' lang='grc'><strong>1110111</strong></span> <span class='ocrx_word' id='word_1_153' title='bbox 862 2090 957 2169; x_wconf 88' lang='lat' dir='ltr'>pedes</span> <span class='ocrx_word' id='word_1_154' title='bbox 971 2090 1024 2148; x_wconf 84' lang='lat' dir='ltr'>CD</span> <span class='ocrx_word' id='word_1_155' title='bbox 1036 2091 1167 2165; x_wconf 87' lang='lat' dir='ltr'>reduxit,</span> 
     </span>
     <span class='ocr_line' id='line_1_22' title="bbox 167 2177 1169 2252; baseline -0.002 -17"><span class='ocrx_word' id='word_1_156' title='bbox 167 2177 198 2234; x_wconf 93' lang='lat' dir='ltr'>id</span> <span class='ocrx_word' id='word_1_157' title='bbox 221 2178 278 2235; x_wconf 89' lang='lat' dir='ltr'>hoo</span> <span class='ocrx_word' id='word_1_158' title='bbox 303 2177 443 2251; x_wconf 86' lang='lat' dir='ltr'>consilio,</span> <span class='ocrx_word' id='word_1_159' title='bbox 473 2179 615 2252; x_wconf 89' lang='lat' dir='ltr'>quoniam</span> <span class='ocrx_word' id='word_1_160' title='bbox 638 2185 756 2236; x_wconf 88' lang='lat' dir='ltr'>tantum</span> <span class='ocrx_word' id='word_1_161' title='bbox 787 2185 868 2236; x_wconf 87' lang='lat' dir='ltr'>esset</span> <span class='ocrx_word' id='word_1_162' title='bbox 896 2177 1070 2235; x_wconf 89' lang='lat' dir='ltr'>necessario</span> <span class='ocrx_word' id='word_1_163' title='bbox 1100 2195 1169 2252; x_wconf 88' lang='lat' dir='ltr'>spa-</span> 
     </span>
     <span class='ocr_line' id='line_1_23' title="bbox 166 2262 1170 2340; baseline -0.002 -20"><span class='ocrx_word' id='word_1_164' title='bbox 166 2262 242 2320; x_wconf 91' lang='lat' dir='ltr'>tium</span> <span class='ocrx_word' id='word_1_165' title='bbox 266 2264 450 2340; x_wconf 85' lang='lat' dir='ltr'>complexus,</span> <span class='ocrx_word' id='word_1_166' title='bbox 474 2283 530 2321; x_wconf 90' lang='lat' dir='ltr'>nec</span> <span class='ocrx_word' id='word_1_167' title='bbox 553 2263 642 2322; x_wconf 80' lang='lat' dir='ltr'>lacile</span> <span class='ocrx_word' id='word_1_168' title='bbox 661 2270 759 2321; x_wconf 90' lang='lat' dir='ltr'>totum</span> <span class='ocrx_word' id='word_1_169' title='bbox 777 2282 887 2340; x_wconf 88' lang='lat' dir='ltr'>corpus</span> <span class='ocrx_word' id='word_1_170' title='bbox 912 2282 1023 2320; x_wconf 88' lang='lat' dir='ltr'>corona</span> <span class='ocrx_word' id='word_1_171' title='bbox 1040 2262 1170 2319; x_wconf 90' lang='lat' dir='ltr'>militum</span> 
     </span>
     <span class='ocr_line' id='line_1_24' title="bbox 168 2345 1168 2427; baseline -0.003 -20"><span class='ocrx_word' id='word_1_172' title='bbox 168 2348 350 2425; x_wconf 80' lang='lat' dir='ltr'>cingeretur,</span> <span class='ocrx_word' id='word_1_173' title='bbox 382 2369 419 2406; x_wconf 91' lang='lat' dir='ltr'>ne</span> <span class='ocrx_word' id='word_1_174' title='bbox 454 2348 491 2406; x_wconf 87' lang='lat' dir='ltr'>de</span> <span class='ocrx_word' id='word_1_175' title='bbox 521 2349 684 2427; x_wconf 90' lang='lat' dir='ltr'>improviso</span> <span class='ocrx_word' id='word_1_176' title='bbox 710 2345 772 2406; x_wconf 80' lang='lat' dir='ltr'>&#39;aut</span> <span class='ocrx_word' id='word_1_177' title='bbox 793 2356 885 2406; x_wconf 90' lang='lat' dir='ltr'>noctu</span> <span class='ocrx_word' id='word_1_178' title='bbox 916 2347 954 2406; x_wconf 92' lang='lat' dir='ltr'>ad</span> <span class='ocrx_word' id='word_1_179' title='bbox 984 2347 1168 2405; x_wconf 87' lang='lat' dir='ltr'>munitiones</span> 
     </span>
     <span class='ocr_line' id='line_1_25' title="bbox 166 2433 1167 2494; baseline -0.002 -2"><span class='ocrx_word' id='word_1_180' title='bbox 166 2434 298 2493; x_wconf 90' lang='lat' dir='ltr'>hostium</span> <span class='ocrx_word' id='word_1_181' title='bbox 321 2434 483 2493; x_wconf 90' lang='lat' dir='ltr'>multitudo</span> <span class='ocrx_word' id='word_1_182' title='bbox 509 2435 664 2494; x_wconf 84' lang='lat' dir='ltr'>advolaret</span> <span class='ocrx_word' id='word_1_183' title='bbox 690 2441 742 2492; x_wconf 91' lang='lat' dir='ltr'>aut</span> <span class='ocrx_word' id='word_1_184' title='bbox 766 2433 898 2492; x_wconf 88' lang='lat' dir='ltr'>interdiu</span> <span class='ocrx_word' id='word_1_185' title='bbox 916 2434 976 2491; x_wconf 87' lang='lat' dir='ltr'>tela</span> <span class='ocrx_word' id='word_1_186' title='bbox 993 2433 1025 2490; x_wconf 91' lang='lat' dir='ltr'>in</span> <span class='ocrx_word' id='word_1_187' title='bbox 1045 2439 1167 2491; x_wconf 89' lang='lat' dir='ltr'>nostros</span> 
     </span>
     <span class='ocr_line' id='line_1_26' title="bbox 167 2518 1167 2599; baseline -0.001 -21"><span class='ocrx_word' id='word_1_188' title='bbox 167 2521 249 2599; x_wconf 87' lang='lat' dir='ltr'>operi</span> <span class='ocrx_word' id='word_1_189' title='bbox 291 2521 461 2579; x_wconf 88' lang='lat' dir='ltr'>destinatos</span> <span class='ocrx_word' id='word_1_190' title='bbox 501 2520 652 2597; x_wconf 85' lang='lat' dir='ltr'>conjicere</span> <span class='ocrx_word' id='word_1_191' title='bbox 691 2528 828 2597; x_wconf 87' lang='lat' dir='ltr'>possent.</span> <span class='ocrx_word' id='word_1_192' title='bbox 892 2520 960 2578; x_wconf 89' lang='lat' dir='ltr'>Hoc</span> <span class='ocrx_word' id='word_1_193' title='bbox 993 2518 1167 2577; x_wconf 87' lang='lat' dir='ltr'>intermisso</span> 
     </span>
     <span class='ocr_line' id='line_1_27' title="bbox 167 2603 1169 2685; baseline -0.001 -21"><span class='ocrx_word' id='word_1_194' title='bbox 167 2607 266 2683; x_wconf 90' lang='lat' dir='ltr'>spatio</span> <span class='ocrx_word' id='word_1_195' title='bbox 291 2606 367 2665; x_wconf 88' lang='lat' dir='ltr'>duas</span> <span class='ocrx_word' id='word_1_196' title='bbox 390 2606 501 2680; x_wconf 88' lang='grc'><strong>101111,</strong></span> <span class='ocrx_word' id='word_1_197' title='bbox 524 2606 586 2666; x_wconf 90' lang='lat' dir='ltr'>XV</span> <span class='ocrx_word' id='word_1_198' title='bbox 615 2606 710 2685; x_wconf 92' lang='lat' dir='ltr'>pedes</span> <span class='ocrx_word' id='word_1_199' title='bbox 743 2607 833 2680; x_wconf 87' lang='lat' dir='ltr'>latas,</span> <span class='ocrx_word' id='word_1_200' title='bbox 868 2605 974 2665; x_wconf 87' lang='lat' dir='ltr'>eadem</span> <span class='ocrx_word' id='word_1_201' title='bbox 1009 2603 1169 2664; x_wconf 84' lang='lat' dir='ltr'>altitudine</span> 
     </span>
     <span class='ocr_line' id='line_1_28' title="bbox 165 2690 1169 2770; baseline -0.002 -20"><span class='ocrx_word' id='word_1_202' title='bbox 165 2692 322 2769; x_wconf 86' lang='lat' dir='ltr'>perduxit,</span> <span class='ocrx_word' id='word_1_203' title='bbox 352 2712 479 2767; x_wconf 90' lang='lat' dir='ltr'>quarum</span> <span class='ocrx_word' id='word_1_204' title='bbox 506 2693 679 2752; x_wconf 88' lang='lat' dir='ltr'>interiorem</span> <span class='ocrx_word' id='word_1_205' title='bbox 707 2692 929 2770; x_wconf 88' lang='lat' dir='ltr'>campestribus</span> <span class='ocrx_word' id='word_1_206' title='bbox 963 2710 998 2751; x_wconf 89' lang='lat' dir='ltr'>ac</span> <span class='ocrx_word' id='word_1_207' title='bbox 1027 2690 1169 2750; x_wconf 87' lang='lat' dir='ltr'>demissis</span> 
     </span>
     <span class='ocr_line' id='line_1_29' title="bbox 164 2776 1165 2856; baseline -0.002 -21"><span class='ocrx_word' id='word_1_208' title='bbox 164 2778 241 2837; x_wconf 87' lang='lat' dir='ltr'>locis</span> <span class='ocrx_word' id='word_1_209' title='bbox 271 2798 351 2852; x_wconf 90' lang='lat' dir='ltr'>aqua</span> <span class='ocrx_word' id='word_1_210' title='bbox 388 2799 424 2836; x_wconf 86' lang='lat' dir='ltr'>ex</span> <span class='ocrx_word' id='word_1_211' title='bbox 454 2776 576 2837; x_wconf 85' lang='lat' dir='ltr'>flumine</span> <span class='ocrx_word' id='word_1_212' title='bbox 604 2778 743 2838; x_wconf 89' lang='lat' dir='ltr'>derivata</span> <span class='ocrx_word' id='word_1_213' title='bbox 770 2778 942 2856; x_wconf 87' lang='lat' dir='ltr'>complevit.</span> <span class='ocrx_word' id='word_1_214' title='bbox 1006 2777 1082 2837; x_wconf 89' lang='lat' dir='ltr'>Post</span> <span class='ocrx_word' id='word_1_215' title='bbox 1112 2797 1165 2835; x_wconf 87' lang='lat' dir='ltr'>eas</span> 
     </span>
     <span class='ocr_line' id='line_1_30' title="bbox 167 2863 1168 2942; baseline -0.002 -21"><span class='ocrx_word' id='word_1_216' title='bbox 167 2884 310 2940; x_wconf 84' lang='lat' dir='ltr'>aggerem</span> <span class='ocrx_word' id='word_1_217' title='bbox 333 2884 368 2922; x_wconf 89' lang='lat' dir='ltr'>ao</span> <span class='ocrx_word' id='word_1_218' title='bbox 391 2864 505 2922; x_wconf 88' lang='lat' dir='ltr'>vallum</span> <span class='ocrx_word' id='word_1_219' title='bbox 532 2864 601 2922; x_wconf 90' lang='lat' dir='ltr'>XII</span> <span class='ocrx_word' id='word_1_220' title='bbox 628 2864 741 2942; x_wconf 91' lang='lat' dir='ltr'>pedum</span> <span class='ocrx_word' id='word_1_221' title='bbox 769 2865 915 2937; x_wconf 76' lang='lat' dir='ltr'>extruxit3</span> <span class='ocrx_word' id='word_1_222' title='bbox 946 2863 1016 2921; x_wconf 90' lang='lat' dir='ltr'>huic</span> <span class='ocrx_word' id='word_1_223' title='bbox 1043 2863 1168 2921; x_wconf 87' lang='lat' dir='ltr'>loricam</span> 
     </span>
     <span class='ocr_line' id='line_1_31' title="bbox 166 2948 1167 3027; baseline -0.002 -20"><span class='ocrx_word' id='word_1_224' title='bbox 166 2950 334 3027; x_wconf 88' lang='lat' dir='ltr'>pinnasque</span> <span class='ocrx_word' id='word_1_225' title='bbox 358 2949 470 3027; x_wconf 88' lang='lat' dir='ltr'>adjecit</span> <span class='ocrx_word' id='word_1_226' title='bbox 487 2951 655 3027; x_wconf 85' lang='lat' dir='ltr'>grandibus</span> <span class='ocrx_word' id='word_1_227' title='bbox 679 2951 778 3009; x_wconf 89' lang='lat' dir='ltr'>cervis</span> <span class='ocrx_word' id='word_1_228' title='bbox 801 2949 1003 3009; x_wconf 87' lang='lat' dir='ltr'>eminentibus</span> <span class='ocrx_word' id='word_1_229' title='bbox 1026 2948 1065 3006; x_wconf 93' lang='lat' dir='ltr'>ad</span> <span class='ocrx_word' id='word_1_230' title='bbox 1088 2968 1167 3006; x_wconf 90' lang='lat' dir='ltr'>com·</span> 
     </span>
     <span class='ocr_line' id='line_1_32' title="bbox 166 3033 1167 3113; baseline -0.001 -21"><span class='ocrx_word' id='word_1_231' title='bbox 166 3035 314 3093; x_wconf 88' lang='lat' dir='ltr'>missuras</span> <span class='ocrx_word' id='word_1_232' title='bbox 325 3036 497 3112; x_wconf 86' lang='lat' dir='ltr'>pluteorum</span> <span class='ocrx_word' id='word_1_233' title='bbox 520 3043 611 3111; x_wconf 89' lang='lat' dir='ltr'>atque</span> <span class='ocrx_word' id='word_1_234' title='bbox 624 3037 756 3113; x_wconf 85' lang='lat' dir='ltr'>aggeris,</span> <span class='ocrx_word' id='word_1_235' title='bbox 781 3037 832 3111; x_wconf 91' lang='lat' dir='ltr'>qui</span> <span class='ocrx_word' id='word_1_236' title='bbox 851 3053 1012 3094; x_wconf 89' lang='lat' dir='ltr'>ascensum</span> <span class='ocrx_word' id='word_1_237' title='bbox 1034 3033 1167 3092; x_wconf 89' lang='lat' dir='ltr'>hostium</span> 
     </span>
     <span class='ocr_line' id='line_1_33' title="bbox 166 3119 1166 3200; baseline -0.001 -22"><span class='ocrx_word' id='word_1_238' title='bbox 166 3121 333 3195; x_wconf 88' lang='lat' dir='ltr'>tardarent,</span> <span class='ocrx_word' id='word_1_239' title='bbox 358 3129 389 3180; x_wconf 89' lang='lat' dir='ltr'>et</span> <span class='ocrx_word' id='word_1_240' title='bbox 411 3131 511 3180; x_wconf 93' lang='lat' dir='ltr'>turres</span> <span class='ocrx_word' id='word_1_241' title='bbox 533 3129 598 3180; x_wconf 92' lang='grc'><strong>1010</strong></span> <span class='ocrx_word' id='word_1_242' title='bbox 623 3142 713 3200; x_wconf 90' lang='lat' dir='ltr'>opere</span> <span class='ocrx_word' id='word_1_243' title='bbox 741 3121 954 3194; x_wconf 85' lang='lat' dir='ltr'>circumdedit,</span> <span class='ocrx_word' id='word_1_244' title='bbox 980 3139 1047 3194; x_wconf 85' lang='lat' dir='ltr'>quae</span> <span class='ocrx_word' id='word_1_245' title='bbox 1069 3119 1166 3196; x_wconf 88' lang='lat' dir='ltr'>pedes</span> 
     </span>
     <span class='ocr_line' id='line_1_34' title="bbox 165 3206 627 3266; baseline 0 -2"><span class='ocrx_word' id='word_1_246' title='bbox 165 3206 290 3264; x_wconf 91' lang='lat' dir='ltr'>LXXX</span> <span class='ocrx_word' id='word_1_247' title='bbox 311 3208 391 3265; x_wconf 90' lang='lat' dir='ltr'>inter</span> <span class='ocrx_word' id='word_1_248' title='bbox 414 3227 447 3266; x_wconf 92' lang='grc'>11</span> <span class='ocrx_word' id='word_1_249' title='bbox 470 3207 627 3266; x_wconf 85' lang='lat' dir='ltr'>distarent.</span> 
     </span>
    </p>

    <p class='ocr_par' dir='ltr' id='par_1_4' title="bbox 165 3289 1166 3884">
     <span class='ocr_line' id='line_1_35' title="bbox 251 3289 1166 3370; baseline -0.002 -20"><span class='ocrx_word' id='word_1_250' title='bbox 251 3292 406 3351; x_wconf 90' lang='lat' dir='ltr'>LXXIII.</span> <span class='ocrx_word' id='word_1_251' title='bbox 451 3294 528 3352; x_wconf 86' lang='lat' dir='ltr'>Erat</span> <span class='ocrx_word' id='word_1_252' title='bbox 551 3294 657 3353; x_wconf 90' lang='lat' dir='ltr'>eodem</span> <span class='ocrx_word' id='word_1_253' title='bbox 679 3301 816 3370; x_wconf 92' lang='lat' dir='ltr'>tempore</span> <span class='ocrx_word' id='word_1_254' title='bbox 839 3299 870 3349; x_wconf 88' lang='grc'>11</span> <span class='ocrx_word' id='word_1_255' title='bbox 892 3291 1045 3350; x_wconf 85' lang='lat' dir='ltr'>materiari</span> <span class='ocrx_word' id='word_1_256' title='bbox 1059 3289 1166 3350; x_wconf 80' lang='grc'><strong>111111-</strong></span> 
     </span>
     <span class='ocr_line' id='line_1_36' title="bbox 165 3377 1166 3438; baseline 0 -3"><span class='ocrx_word' id='word_1_257' title='bbox 165 3379 294 3436; x_wconf 86' lang='lat' dir='ltr'>menteri</span> <span class='ocrx_word' id='word_1_258' title='bbox 329 3388 359 3436; x_wconf 87' lang='grc'>11</span> <span class='ocrx_word' id='word_1_259' title='bbox 391 3387 493 3438; x_wconf 88' lang='lat' dir='ltr'>tantas</span> <span class='ocrx_word' id='word_1_260' title='bbox 527 3380 708 3438; x_wconf 88' lang='lat' dir='ltr'>munitiones</span> <span class='ocrx_word' id='word_1_261' title='bbox 742 3379 820 3437; x_wconf 90' lang='lat' dir='ltr'>tueri</span> <span class='ocrx_word' id='word_1_262' title='bbox 854 3397 981 3436; x_wconf 89' lang='lat' dir='ltr'>necesse</span> <span class='ocrx_word' id='word_1_263' title='bbox 1004 3377 1166 3436; x_wconf 90' lang='lat' dir='ltr'>deminutis</span> 
     </span>
     <span class='ocr_line' id='line_1_37' title="bbox 165 3462 1165 3542; baseline -0.001 -21"><span class='ocrx_word' id='word_1_264' title='bbox 165 3465 278 3522; x_wconf 87' lang='lat' dir='ltr'>nostris</span> <span class='ocrx_word' id='word_1_265' title='bbox 302 3464 407 3542; x_wconf 87' lang='lat' dir='ltr'>copiis,</span> <span class='ocrx_word' id='word_1_266' title='bbox 431 3484 498 3540; x_wconf 88' lang='lat' dir='ltr'>quae</span> <span class='ocrx_word' id='word_1_267' title='bbox 529 3465 650 3542; x_wconf 88' lang='lat' dir='ltr'>longius</span> <span class='ocrx_word' id='word_1_268' title='bbox 679 3466 716 3523; x_wconf 90' lang='lat' dir='ltr'>ab</span> <span class='ocrx_word' id='word_1_269' title='bbox 745 3464 854 3522; x_wconf 88' lang='lat' dir='ltr'>castris</span> <span class='ocrx_word' id='word_1_270' title='bbox 882 3462 1165 3541; x_wconf 86' lang='lat' dir='ltr'>progrediebantur,</span> 
     </span>
     <span class='ocr_line' id='line_1_38' title="bbox 166 3550 1164 3627; baseline -0.003 -19"><span class='ocrx_word' id='word_1_271' title='bbox 166 3569 201 3608; x_wconf 88' lang='lat' dir='ltr'>ac</span> <span class='ocrx_word' id='word_1_272' title='bbox 224 3569 440 3625; x_wconf 91' lang='lat' dir='ltr'>nonnunquam</span> <span class='ocrx_word' id='word_1_273' title='bbox 463 3569 556 3627; x_wconf 90' lang='lat' dir='ltr'>opera</span> <span class='ocrx_word' id='word_1_274' title='bbox 577 3558 682 3610; x_wconf 89' lang='lat' dir='ltr'>nostra</span> <span class='ocrx_word' id='word_1_275' title='bbox 705 3550 786 3610; x_wconf 81' lang='lat' dir='ltr'>Galli</span> <span class='ocrx_word' id='word_1_276' title='bbox 814 3557 933 3608; x_wconf 86' lang='lat' dir='ltr'>tentare</span> <span class='ocrx_word' id='word_1_277' title='bbox 962 3556 1053 3624; x_wconf 90' lang='lat' dir='ltr'>atque</span> <span class='ocrx_word' id='word_1_278' title='bbox 1076 3568 1164 3624; x_wconf 92' lang='lat' dir='ltr'>erup-</span> 
     </span>
     <span class='ocr_line' id='line_1_39' title="bbox 165 3633 1164 3714; baseline -0.003 -21"><span class='ocrx_word' id='word_1_279' title='bbox 165 3635 278 3694; x_wconf 90' lang='lat' dir='ltr'>tionem</span> <span class='ocrx_word' id='word_1_280' title='bbox 300 3655 337 3693; x_wconf 88' lang='lat' dir='ltr'>ex</span> <span class='ocrx_word' id='word_1_281' title='bbox 360 3635 471 3714; x_wconf 90' lang='lat' dir='ltr'>oppido</span> <span class='ocrx_word' id='word_1_282' title='bbox 493 3637 631 3713; x_wconf 76' lang='lat' dir='ltr'>plumbus</span> <span class='ocrx_word' id='word_1_283' title='bbox 653 3637 750 3714; x_wconf 88' lang='lat' dir='ltr'>portis</span> <span class='ocrx_word' id='word_1_284' title='bbox 779 3655 897 3694; x_wconf 90' lang='lat' dir='ltr'>summa</span> <span class='ocrx_word' id='word_1_285' title='bbox 923 3635 953 3693; x_wconf 90' lang='lat' dir='ltr'>vi</span> <span class='ocrx_word' id='word_1_286' title='bbox 981 3633 1085 3692; x_wconf 87' lang='lat' dir='ltr'>facere</span> <span class='ocrx_word' id='word_1_287' title='bbox 1114 3653 1164 3690; x_wconf 87' lang='lat' dir='ltr'>co-</span> 
     </span>
     <span class='ocr_line' id='line_1_40' title="bbox 165 3717 1164 3799; baseline -0.004 -20"><span class='ocrx_word' id='word_1_288' title='bbox 165 3722 325 3780; x_wconf 85' lang='lat' dir='ltr'>nabantur.</span> <span class='ocrx_word' id='word_1_289' title='bbox 373 3721 473 3792; x_wconf 83' lang='lat' dir='ltr'>Quare</span> <span class='ocrx_word' id='word_1_290' title='bbox 497 3722 624 3781; x_wconf 86' lang='lat' dir='ltr'>adhaec</span> <span class='ocrx_word' id='word_1_291' title='bbox 647 3742 753 3780; x_wconf 85' lang='lat' dir='ltr'>rursus</span> <span class='ocrx_word' id='word_1_292' title='bbox 782 3741 874 3799; x_wconf 87' lang='lat' dir='ltr'>opera</span> <span class='ocrx_word' id='word_1_293' title='bbox 904 3718 1075 3779; x_wconf 86' lang='lat' dir='ltr'>addendum</span> <span class='ocrx_word' id='word_1_294' title='bbox 1099 3717 1164 3776; x_wconf 81' lang='lat' dir='ltr'>an-</span> 
     </span>
     <span class='ocr_line' id='line_1_41' title="bbox 166 3803 1165 3884; baseline -0.003 -20"><span class='ocrx_word' id='word_1_295' title='bbox 166 3826 217 3864; x_wconf 89' lang='lat' dir='ltr'>sar</span> <span class='ocrx_word' id='word_1_296' title='bbox 238 3807 367 3884; x_wconf 89' lang='lat' dir='ltr'>putavit,</span> <span class='ocrx_word' id='word_1_297' title='bbox 392 3828 450 3882; x_wconf 91' lang='lat' dir='ltr'>quo</span> <span class='ocrx_word' id='word_1_298' title='bbox 473 3808 588 3866; x_wconf 90' lang='lat' dir='ltr'>minore</span> <span class='ocrx_word' id='word_1_299' title='bbox 610 3827 735 3866; x_wconf 91' lang='lat' dir='ltr'>numero</span> <span class='ocrx_word' id='word_1_300' title='bbox 757 3807 885 3865; x_wconf 90' lang='lat' dir='ltr'>militum</span> <span class='ocrx_word' id='word_1_301' title='bbox 908 3805 1089 3863; x_wconf 89' lang='lat' dir='ltr'>munitiones</span> <span class='ocrx_word' id='word_1_302' title='bbox 1113 3803 1165 3862; x_wconf 91' lang='lat' dir='ltr'>de-</span> 
     </span>
    </p>
   </div>
   <div class='ocr_carea' id='block_1_3' title="bbox 163 3889 1166 4054">
    <p class='ocr_par' dir='ltr' id='par_1_5' title="bbox 163 3889 1166 4054">
     <span class='ocr_line' id='line_1_42' title="bbox 165 3889 1166 3969; baseline -0.002 -20"><span class='ocrx_word' id='word_1_303' title='bbox 165 3891 250 3950; x_wconf 82' lang='lat' dir='ltr'>fendi</span> <span class='ocrx_word' id='word_1_304' title='bbox 281 3902 416 3969; x_wconf 89' lang='lat' dir='ltr'>possent.</span> <span class='ocrx_word' id='word_1_305' title='bbox 467 3894 577 3969; x_wconf 87' lang='lat' dir='ltr'>Itaque</span> <span class='ocrx_word' id='word_1_306' title='bbox 606 3894 722 3952; x_wconf 88' lang='lat' dir='ltr'>truncis</span> <span class='ocrx_word' id='word_1_307' title='bbox 752 3893 893 3952; x_wconf 89' lang='lat' dir='ltr'>arborum</span> <span class='ocrx_word' id='word_1_308' title='bbox 924 3898 976 3950; x_wconf 91' lang='lat' dir='ltr'>aut</span> <span class='ocrx_word' id='word_1_309' title='bbox 1005 3889 1166 3948; x_wconf 87' lang='lat' dir='ltr'>admodum</span> 
     </span>
     <span class='ocr_line' id='line_1_43' title="bbox 163 3976 1158 4054; baseline -0.002 -19"><span class='ocrx_word' id='word_1_310' title='bbox 163 3976 258 4035; x_wconf 88' lang='lat' dir='ltr'>firmis</span> <span class='ocrx_word' id='word_1_311' title='bbox 280 3979 373 4037; x_wconf 90' lang='lat' dir='ltr'>ramis</span> <span class='ocrx_word' id='word_1_312' title='bbox 401 3980 530 4039; x_wconf 84' lang='lat' dir='ltr'>abscisis</span> <span class='ocrx_word' id='word_1_313' title='bbox 561 3986 652 4054; x_wconf 87' lang='lat' dir='ltr'>atque</span> <span class='ocrx_word' id='word_1_314' title='bbox 679 3980 786 4038; x_wconf 92' lang='lat' dir='ltr'>horum</span> <span class='ocrx_word' id='word_1_315' title='bbox 817 3977 975 4036; x_wconf 88' lang='lat' dir='ltr'>delibratis</span> <span class='ocrx_word' id='word_1_316' title='bbox 1004 3995 1158 4053; x_wconf 70' lang='grc'><strong>1111111-</strong></span> 
     </span>
    </p>
   </div>
   <div class='ocr_carea' id='block_1_4' title="bbox 0 0 1340 4456">
    <p class='ocr_par' dir='ltr' id='par_1_6' title="bbox 0 0 1340 4456">
     <span class='ocr_line' id='line_1_44' title="bbox 0 0 1340 4456; baseline 0 0"><span class='ocrx_word' id='word_1_317' title='bbox 0 0 1340 4456; x_wconf 95' lang='lat' dir='ltr'> </span> 
     </span>
    </p>
   </div>
  </div>
 </body>
</html>
