2670 4456
577 269 697 322 LIBuR
719 269 764 323 VI.
1088 280 1172 335 -105

160 463 401 522 adolescentium
424 483 568 522 numerus
593 463 762 539 disciplinae
786 483 879 521 causa
902 464 1057 522 concurrit
1086 484 1171 540 mag·
1249 493 1254 507 =

160 567 262 624 noque
284 549 315 607 111
338 558 410 608 sunt
433 549 515 626 apud
534 568 586 607 eos
610 549 732 607 honore.
778 549 858 608 Nam
881 547 945 608 fere
969 548 1008 607 de
1033 549 1173 608 omnibus

162 634 379 694 controversiis
399 635 531 712 publicis
552 634 742 712 privatisque
756 635 959 707 constituunt3
985 643 1024 708 et,
1045 635 1174 709 siquod

163 727 211 779 est
240 719 406 779 admissum
436 719 570 792 11111111,
595 719 621 777 si
645 719 745 778 caedes
767 718 864 794 facta,
890 721 916 778 si
939 720 976 778 de
995 720 1173 795 hereditate,

163 805 201 864 de
228 803 339 864 finibus
375 805 585 865 controversia
608 812 671 878 est,
703 805 795 862 iidem
830 805 1015 878 decernunt,
1051 807 1175 882 praemia

162 910 330 968 poenasque
354 892 560 963 constituunt;
592 891 617 948 si
646 890 697 965 qui
721 898 773 948 aut
796 891 935 966 privatus
966 898 1018 947 aut
1040 892 1173 968 populus

165 976 415 1036 eorumdecreto
439 997 501 1035 non
536 976 639 1050 stetit,
669 976 826 1034 sacrificiis
855 974 1049 1034 interdicunt.
1096 978 1173 1035 Haec

162 1081 254 1139 poena
276 1063 358 1140 apud
381 1081 434 1121 eos
466 1070 513 1120 est
542 1061 731 1138 gravissima.
785 1060 903 1131 Quibus
933 1061 976 1118 ita
1004 1069 1052 1118 est
1080 1061 1173 1119 inter-

165 1147 287 1221 dictum,
311 1148 333 1205 ii
355 1168 479 1207 numero
510 1148 670 1224 impiorum
700 1164 735 1205 ac
766 1147 983 1205 sceleratorum
1006 1146 1172 1217 habentur;

164 1232 202 1290 iis
225 1252 330 1292 omnes
354 1233 520 1307 decedunt,
551 1233 666 1291 aditum
696 1253 799 1290 eorum
828 1252 1057 1306 sermonemque
1088 1230 1173 1290 defu·

165 1318 260 1394 giunt‚
284 1338 322 1377 ue
346 1319 419 1394 quid
442 1340 479 1378 ex
492 1318 672 1393 contagione
684 1318 865 1376 incommodi
885 1318 1050 1395 accipiant;
1075 1338 1174 1392 neque

164 1403 202 1463 iis
225 1405 400 1481 petentibus
420 1404 472 1480 jus
495 1403 644 1477 redditur,
669 1423 767 1478 neque
790 1405 887 1462 honos
909 1404 989 1483 ullus
1009 1403 1172 1461 communi·

166 1497 262 1549 catur.
307 1490 365 1548 His
389 1497 490 1549 autem
514 1489 653 1547 omnibus
676 1488 843 1547 Druidibus
866 1497 980 1566 praeest
1002 1509 1097 1563 unus,
1122 1489 1174 1563 qui

167 1594 315 1633 summam
336 1576 416 1633 inter
439 1594 491 1634 eos
514 1575 607 1632 habet
626 1575 847 1633 auctoritatem.
882 1576 951 1632 Hoc
974 1582 1091 1633 mortuo
1111 1582 1172 1647 aut,

167 1660 194 1720 si
228 1661 339 1736 quiex
372 1660 498 1736 reliquis
533 1661 654 1718 excellit
688 1659 846 1736 dignitate,
882 1660 1028 1733 succedit,
1060 1668 1122 1732 aut,
1147 1660 1173 1717 si

170 1753 242 1804 sunt
283 1747 387 1822 plures
427 1766 533 1823 pares¹
571 1744 718 1821 suffragio
752 1744 918 1816 Druidum;
959 1764 1174 1819 nonnunquam

167 1831 258 1890 etiam
290 1831 385 1890 armis
408 1831 446 1890 de
473 1832 647 1908 principatu
676 1830 872 1888 contendunt.
924 1829 964 1886 Hi
994 1830 1172 1887 certo-anni

168 1924 304 1994 tempore
337 1917 369 1974 111
402 1916 512 1975 finibus
548 1915 723 1990 Carnutum,
759 1935 826 1990 quae
859 1916 943 1992 regio
978 1915 1071 1973 totius
1102 1915 1173 1973 Gal-

168 2002 217 2060 liae
240 2002 340 2061 media
362 1994 504 2077 habetur,
528 2002 690 2060 considunt
712 2002 743 2059 in
772 2003 838 2060 loco
869 2009 1057 2059 consecrato.
1103 2002 1173 2058 Huc

169 2107 274 2146 omnes
307 2087 450 2162 undique,
486 2088 537 2162 qui
570 2087 794 2147 controversias
828 2088 956 2160 habent,
991 2087 1175 2146 conveniunt

169 2192 334 2248 eorumque
374 2173 505 2243 decretis
542 2173 727 2250 judiciisque
764 2180 882 2248 parent.
938 2172 1110 2248 Disciplina
1144 2172 1175 2228 in

168 2258 330 2317 Britannia
351 2265 474 2335 reperta
498 2267 588 2333 atque
610 2258 681 2316 inde
709 2258 740 2315 in
770 2256 900 2314 Galliam
928 2257 1077 2314 translata
1106 2275 1174 2313 esse

169 2343 376 2418 existimatur,
401 2352 432 2403 et
460 2364 555 2418 nunc,
588 2344 639 2418 qui
669 2342 844 2418 diligentius
876 2361 941 2398 eam
971 2361 1036 2398 rem
1065 2360 1174 2415 cogno-

170 2448 256 2488 scere
290 2430 413 2503 volunt,
454 2430 633 2506 plerumque
672 2429 723 2487 illo
758 2426 896 2485 discendi
930 2445 1023 2483 causa
1056 2423 1174 2503 profici-

172 2522 308 2573 scuutur.

255 2600 344 2659 XIV.
390 2599 524 2658 Druides
544 2621 561 2658 a
578 2600 659 2657 bello
679 2600 787 2656 abesse
807 2604 992 2656 cenaverunt
1008 2615 1106 2670 neque
1123 2596 1176 2654 tri-

168 2685 243 2743 buta
265 2705 326 2744 una
348 2705 417 2743 cum
439 2686 564 2760 reliquis
587 2684 724 2761 pendunt
748 2681 872 2755 [militiae
895 2682 1088 2741 vacationem
1111 2702 1173 2739 om·

168 2769 311 2845 niumque
329 2790 431 2829 rerum
448 2771 562 2830 habent
573 2767 813 2841 immunitateml.
842 2769 948 2826 Tantis
961 2768 1084 2826 excitati
1096 2787 1174 2843 prae-

168 2855 237 2914 miis
268 2864 299 2913 et
327 2875 383 2915 sua
411 2864 519 2932 sponte
542 2856 629 2914 multi
650 2855 681 2912 in
700 2855 890 2932 disciplinam
908 2854 1091 2914 conveniunt
1108 2860 1175 2910 eta

168 2941 347 3020 parentibus
371 2941 611 3018 propinquisque
636 2941 806 2998 mittuntur.
841 2940 987 3015 Magnum
1011 2937 1053 2995 ibi
1070 2957 1174 2994 nume-

169 3046 235 3084 rum
259 3032 403 3086 versuum
432 3026 568 3086 ediscere
597 3026 753 3098 dicuntur;
784 3026 887 3098 itaque
916 3042 1011 3082 annos
1040 3021 1175 3079 nonnulli

170 3111 295 3170 vicenos
325 3113 357 3169 in
386 3111 548 3190 disciplina
575 3119 785 3189 permanent·
819 3109 928 3183 Neque
950 3107 999 3166 fas
1023 3126 1091 3166 esse
1115 3107 1176 3165 exi-

169 3196 294 3255 stimant
317 3216 353 3255 ea
375 3197 487 3256 litteris
510 3197 664 3271 mandare,
688 3202 781 3271 quum
799 3196 830 3252 in
848 3194 974 3268 reliquis
992 3192 1058 3250 fere
1070 3193 1173 3267 rebus,

169 3282 302 3359 publicis
331 3282 727 3360 privatisquerationibus,
759 3280 876 3339 Graecis
904 3279 1016 3337 litteris
1040 3285 1174 3337 utantur.

168 3367 207 3425 Id
229 3368 302 3426 mihi
325 3368 443 3426 duabus
467 3368 505 3426 de
528 3367 630 3426 causis
652 3366 822 3425 instituisse
839 3364 992 3437 videntur,
1017 3364 1099 3439 quod
1121 3383 1173 3423 ne-

170 3472 227 3527 que
249 3453 282 3511 in
304 3453 429 3529 vulgum
452 3453 643 3531 disciplinam
667 3451 770 3511 efferri
792 3450 887 3510 velint
909 3469 1008 3525 neque
1031 3469 1093 3523 eos,
1124 3450 1176 3523 qui

170 3537 299 3613 discant,
323 3538 434 3597 litteris
458 3537 589 3597 confisos
611 3538 712 3596 minus
742 3538 894 3595 memoriae
923 3535 1063 3607 studere;
1095 3533 1175 3607 quod

167 3621 234 3682 fere
256 3624 410 3701 plerisque
433 3624 553 3698 accidit,
577 3630 611 3682 ut
633 3623 776 3701 praesidio
798 3623 969 3681 litterarum
987 3618 1176 3695 diligentiam

168 3708 200 3766 in
222 3709 425 3786 perdiscendo
450 3730 485 3768 11
508 3710 684 3768 memoriam
711 3708 876 3766 remittant.
930 3707 968 3763 In
990 3704 1095 3781 primis
1117 3703 1175 3761 hoc

169 3794 276 3853 volunt
297 3795 483 3872 persvadere
505 3815 566 3854 non
587 3795 710 3854 interire
734 3793 858 3866 animas,
883 3791 939 3849 sed
961 3791 999 3848 ab
1013 3788 1080 3847 aliis
1103 3796 1175 3865 post

170 3886 297 3937 mortem
319 3880 451 3938 transire
474 3881 513 3938 ad
536 3881 620 3955 alios,
645 3888 735 3955 atque
757 3880 814 3937 hoc
826 3876 955 3935 maxime
973 3874 1012 3932 ad
1029 3874 1175 3934 virtutem

171 3963 297 4022 excitari
315 3972 424 4042 putant
444 3974 528 4024 metu
545 3966 651 4023 mortis
668 3964 818 4041 neglecto.
853 3961 953 4018 Multa
970 3967 1122 4036 praeterea
1136 3959 1173 4019 dc
