2670 4456
163 259 204 316 20
477 249 531 303 DE
549 247 677 303 BELLO
696 245 874 302 GALLIOO.

162 445 278 507 moveri
311 466 347 505 ao
381 446 470 523 signa
503 444 576 504 ferri
604 443 765 520 jussisset,
799 462 860 502 non
892 443 957 502 fore
991 444 1071 523 dioto
1106 447 1189 505 audi-

163 538 249 592 entes
272 532 383 591 milites
405 552 503 608 neque
525 537 651 608 propter
671 529 817 590 timorem
831 529 919 606 signa
939 528 1064 590 laturos.

249 616 318 676 XL.
369 619 446 677 Haeo
480 637 572 693 quum
605 614 884 689 animadvertisset,
919 624 1085 677 convocato
1120 638 1190 677 oon-

163 703 229 763 silio
262 703 451 780 omniumque
480 702 619 762 ordinum
646 700 685 760 ad
712 701 744 759 id
774 701 931 759 consilium
954 703 1097 763 adhibitis
1121 724 1190 763 cen-

163 790 349 866 turionibUS,
389 791 585 850 vehementer
618 807 670 848 eos
703 787 869 848 incusavit:
913 788 1056 866 primum,
1099 790 1189 865 quod,

163 882 216 934 aut
260 896 350 952 quam
393 876 425 935 in
468 882 586 954 partem
630 880 683 933 aut
726 894 785 948 quo
830 873 956 932 oonsilio
996 875 1189 950 ducerentur,

163 961 222 1020 sibi
257 961 454 1037 quaerendum
487 969 540 1021 aut
574 959 767 1038 cogitandum
799 965 951 1036 putarent.
1002 961 1191 1022 Ariovistum

95 1060 97 1064 ‘
164 1067 197 1106 se
254 1049 378 1108 consule
434 1047 631 1126 cupidissime
685 1045 791 1124 populi
845 1044 975 1125 Romani
1030 1047 1191 1107 amicitiam

164 1134 334 1211 appetisse3
382 1155 436 1193 our
468 1135 549 1192 hunc
582 1140 645 1192 tam
678 1138 791 1190 temere
826 1131 985 1207 quisquam
1018 1135 1056 1192 ab
1091 1132 1190 1192 officio

164 1219 373 1279 discessurum
408 1219 581 1297 judicaret?
638 1216 703 1276 Sibi
744 1217 865 1293 quidem
903 1218 1082 1295 persuaderi
1121 1240 1190 1296 cog-

162 1305 236 1364 nitis
271 1306 335 1365 suis
368 1306 532 1384 postulatis
572 1311 663 1380 atque
704 1303 847 1378 aequitate
881 1303 1091 1363 condicionum
1123 1325 1190 1383 per-

164 1399 270 1468 specta
311 1413 379 1451 eum
417 1412 516 1468 neque
556 1410 642 1450 suam
681 1409 779 1464 neque
818 1389 922 1466 populi
954 1391 1084 1450 Romani
1122 1413 1190 1468 gra-
1229 1437 1231 1439 >

163 1479 237 1536 tiam
286 1478 524 1556 repudiaturum.
592 1474 681 1548 Quod
720 1474 747 1533 si
789 1473 891 1533 furore
932 1483 1023 1551 atque
1062 1478 1192 1536 amentia

163 1563 315 1641 impulsus
364 1564 479 1622 bellum
522 1563 685 1636 intulisset,
731 1561 804 1637 quid
836 1561 960 1621 tandem
992 1563 1190 1623 vererentur?

164 1655 216 1707 aut
261 1669 315 1708 cur
359 1650 396 1708 de
431 1668 486 1708 sua
519 1648 631 1708 virtute
673 1653 725 1706 aut
758 1647 796 1705 de
828 1647 925 1725 ipsius
955 1648 1112 1726 diligentia
1140 1648 1191 1707 de-

164 1735 342 1813 sperarent?
397 1736 526 1794 Factum
561 1734 628 1811 ejus
666 1732 763 1792 hostis
796 1733 964 1810 periculum
996 1742 1118 1812 patrum
1139 1755 1191 1793 no·

165 1828 298 1879 strorum
342 1821 495 1896 memorie,
542 1840 636 1896 quum
682 1818 812 1877 Cimbris
857 1826 888 1877 et
931 1820 1077 1879 Teutonis
1106 1842 1124 1879 a
1154 1821 1190 1879 G.

164 1906 261 1964 Mario
306 1907 403 1984 pulsis
447 1927 509 1965 non
552 1907 698 1964 minorem
747 1904 869 1962 laudem
903 1907 1069 1983 exercitus,
1102 1927 1192 1982 quarn

163 1991 230 2069 ipse
264 1992 438 2070 imperator,
462 1992 589 2051 meritus
622 1990 799 2064 videbatur,
828 1989 943 2050 factum
977 1993 1068 2051 etiam
1096 2013 1193 2070 nuper

162 2077 193 2134 in
227 2077 320 2136 Italia
354 2078 458 2138 servili
491 2077 642 2151 tumultu,
677 2096 753 2152 quos
782 2083 883 2135 tamen
906 2077 1020 2154 aliquid
1053 2097 1128 2137 usus
1157 2097 1192 2136 ac

165 2163 340 2242 disciplina,
382 2184 450 2240 quae
485 2185 503 2222 a
535 2163 624 2222 nobis
658 2162 864 2240 accepissent,
894 2165 1099 2225 sublevarent.
1144 2165 1193 2222 Ex

165 2269 224 2324 quo
255 2248 388 2326 judicari
420 2269 526 2328 posse,
562 2256 708 2325 quantum
746 2248 873 2307 haberet
895 2250 928 2308 in
961 2270 994 2308 se
1022 2251 1093 2309 boni
1123 2271 1191 2309 con-

166 2336 286 2411 stantia,
321 2343 484 2415 propterea
517 2335 607 2411 quod,
643 2354 719 2410 quos
753 2334 938 2410 aliquamdiu
966 2335 1098 2395 inermos
1127 2337 1192 2396 sine

166 2441 259 2480 causa
291 2421 478 2497 timuissent,
514 2442 566 2481 eos
600 2427 708 2498 postea
741 2428 872 2480 armatos
907 2442 942 2481 ae
975 2422 1108 2482 victores
1142 2442 1191 2480 su-

165 2514 334 2583 perassent.
390 2509 531 2584 Denique
563 2508 620 2566 hos
655 2526 723 2566 esse
757 2506 895 2584 eosdem,
926 2508 1107 2582 quibuscum
1135 2528 1192 2567 sae-

165 2613 329 2669 penumero
364 2594 499 2653 Helvetii
532 2592 689 2670 congressi
720 2612 782 2650 non
816 2593 914 2653 solum
951 2594 984 2651 in
1017 2594 1096 2669 suis,
1138 2593 1199 2660 sed>

167 2678 258 2736 etiam
291 2677 322 2736 in
354 2677 476 2737 illorum
519 2677 646 2754 finibus,
691 2678 868 2755 plerumque
914 2680 1095 2757 superarint,
1141 2679 1193 2755 qui

165 2771 268 2822 tamen
300 2783 391 2842 pares
426 2783 494 2822 esse
526 2770 631 2822 nostro
667 2764 907 2836 exercituixnon
939 2765 1103 2843 potuerint.
1160 2765 1193 2823 Si

166 2868 243 2924 quos
287 2849 451 2910 adversum
494 2849 635 2928 proelium
680 2856 710 2907 et
751 2848 826 2926 fuga
866 2851 1023 2910 Gallorum
1063 2871 1192 2910 commo-

167 2942 267 3011 veret,
301 2936 374 3011 hos,
409 2935 436 2994 si
475 2943 661 3011 quaererent,
695 2936 828 3013 reperire
861 2957 953 3015 posse
994 2936 1192 2996 diuturnitate

166 3021 240 3080 belli
262 3021 440 3098 defatigatis
464 3020 561 3080 Gallis
583 3020 783 3097 Ariovistum,
808 3042 900 3097 quum
929 3023 1041 3082 multos
1071 3043 1193 3082 menses

168 3107 277 3166 c'astris
307 3127 339 3166 se
369 3127 404 3167 ac
432 3107 595 3186 paludibus
623 3107 773 3166 tenuisset
800 3128 898 3184 neque
930 3109 977 3167 sui
1010 3116 1194 3186 potestatem

167 3191 302 3268 fecisset,
334 3193 532 3270 desperantes
557 3193 622 3270 jam
650 3192 687 3250 de
716 3213 820 3271 pugna
848 3200 879 3253 et
908 3195 1063 3273 dispersos
1092 3195 1192 3253 subito

167 3278 308 3338 adortum
331 3279 427 3356 magis
458 3279 575 3338 ratione
598 3286 629 3338 et
659 3279 785 3338 consilio
816 3300 907 3355 quam
935 3281 1049 3340 virtute
1071 3281 1192 3340 vicisse,

169 3363 225 3422 Oui
257 3365 367 3423 rationi
401 3371 506 3423 contra
545 3365 682 3424 homines
720 3366 868 3424 barbaros
907 3373 998 3441 atque
1036 3366 1194 3445 imperitos

167 3450 253 3509 locus
287 3449 413 3525 fuisset,
453 3451 510 3509 hae
549 3471 587 3510 ne
627 3451 727 3530 ipsum
760 3451 882 3526 quidem
916 3471 1038 3529 sperare
1071 3458 1193 3511 nostros

168 3536 318 3595 exercitus
353 3536 421 3614 capi
452 3555 553 3614 posse.
612 3536 672 3608 Qui
706 3556 795 3595 suum
827 3537 966 3596 timorem
998 3538 1030 3595 in
1056 3538 1101 3597 rei
1129 3537 1193 3596 fru-

118 3684 122 3692 ,
167 3622 323 3682 menteriae
375 3622 597 3681 simulationem
648 3623 864 3699 angustiasque
913 3624 1030 3682 itineris
1075 3622 1193 3682 confer-

168 3714 245 3783 rent,
291 3708 393 3768 facere
438 3716 631 3784 arroganter,
677 3728 769 3783 quum
814 3716 868 3767 aut
911 3709 948 3768 de
994 3708 1093 3768 officio
1138 3709 1207 3767 im·-

168 3794 318 3870 peraton‘s
353 3793 516 3871 desperare
556 3802 608 3852 aut
647 3793 846 3871 praescribere
879 3794 1065 3854 viderentur.
1116 3796 1193 3853 Haec

169 3878 228 3937 sibi
273 3899 340 3939 esse
384 3899 479 3953 curae;
525 3877 710 3938 frumentum
749 3878 916 3956 Sequanos,
956 3881 1085 3955 Leucos,
1120 3880 1193 3939 Lin-

168 3983 263 4040 gones
299 3965 555 4040 sumministrare,
590 3965 716 4042 jamque
756 3984 823 4040 esse
862 3967 893 4024 iu
927 3967 1008 4043 agris
1040 3965 1194 4025 frumenta
