2670 4456
161 253 201 315 96
469 243 522 296 DE
540 240 667 296 BELLO
687 239 865 296 GALLIOO.

161 439 239 498 saris
263 437 461 512 discessisse,
493 436 567 496 adeo
598 444 632 495 ut
659 434 742 512 fugae
773 435 880 494 similis
903 435 1059 495 discessus
1081 437 1166 496 vide-

161 532 330 667 retur-Lm
376 608 419 666 At
442 606 546 666 Caesar
567 606 757 685 principibus
788 607 936 682 cujusque
965 606 1099 666 civitatis
1128 607 1168 666 ad

162 714 195 754 se
218 693 362 767 evocatis,
387 694 461 752 alias
484 692 661 766 territando,
686 712 778 766 quum
790 711 823 750 se
846 693 934 767 scire,
961 711 1028 767 quae
1047 690 1166 768 fierent,

162 778 364 853 denuntiaret,
389 779 465 837 ahas
489 777 676 839 cohortando
699 798 841 853 magnam
862 784 980 854 partem
1004 777 1113 836 Gallias
1136 778 1167 836 in

78 930 82 935 ,
162 864 263 924 officio
286 864 393 922 tenuit.
438 864 553 933 'lamen
576 863 728 936 Senones,
759 869 899 938 quaeest
921 863 1030 922 civitas
1052 863 1084 921 in
1106 863 1168 941 pri-

161 951 219 1009 mis
243 949 329 1008 firma
347 957 378 1008 et
395 969 513 1026 magnae
531 950 611 1008 inter
629 948 735 1006 Gallos
753 948 953 1021 auctoritatis,
974 947 1167 1022 Cavarinum,

162 1055 251 1111 quem
275 1034 378 1093 Caesar
401 1035 483 1112 apud
512 1054 564 1094 eos
593 1054 697 1110 regem
726 1034 927 1092 constituerat
949 1033 1048 1109 (cujus
1072 1033 1168 1092 frater

161 1121 348 1197 Moritasgus
371 1121 506 1181 adventu
527 1121 559 1177 in
572 1119 702 1178 Galliam
715 1117 846 1177 Oaesaris
870 1118 1018 1194 cujusque
1035 1118 1167 1195 majores

161 1226 288 1283 regnum
311 1205 525 1280 obtinuerant),
549 1203 720 1263 interficere
749 1204 871 1281 publico
900 1203 1026 1262 consilio
1056 1205 1166 1277 conati,

163 1312 255 1367 quum
283 1291 334 1349 ille
364 1290 580 1367 praesensisset
609 1310 644 1348 ac
673 1288 878 1366 profugisset,
906 1309 1004 1364 usque
1029 1289 1068 1347 ad
1090 1288 1167 1348 fines

161 1377 292 1435 insecuti
314 1395 407 1452 regno
432 1376 581 1450 domoque
605 1375 794 1453 expulerimt,
824 1382 855 1433 et
876 1374 979 1433 missis
1002 1374 1042 1432 ad
1065 1374 1167 1434 (laesa-

161 1482 226 1520 rem
249 1460 459 1520 satisfaciendi
482 1479 575 1519 causa
596 1460 846 1537 legatis,-quum
874 1461 901 1518 is
924 1480 1043 1519 omnem
1072 1459 1111 1519 ad
1134 1479 1168 1519 se

163 1553 303 1605 senatum
325 1546 429 1605 venire
448 1546 610 1622 jussisset,
646 1545 726 1603 dicto
756 1545 914 1604 audientes
943 1565 1004 1605 non
1031 1544 1166 1605 fuerunt.

163 1632 294 1690 Tantum
317 1631 398 1708 apud
420 1632 557 1690 homines
580 1632 728 1689 barbaros
756 1631 854 1690 valuit
883 1649 952 1690 esse
976 1631 1095 1706 aliquos
1117 1651 1165 1690 re-

162 1725 266 1795 pertos
288 1717 443 1796 principes
465 1715 615 1775 inferendi
638 1716 711 1775 belli
738 1723 915 1791 tantamque
943 1717 1083 1776 omnibus
1114 1736 1166 1777 vo·

160 1803 311 1861 luntatum
334 1803 598 1862 commutationem
628 1802 744 1877 attulit,
775 1807 809 1859 ut
836 1809 950 1879 praeter
972 1802 1110 1861 Haeduos
1136 1809 1167 1861 et

144 1888 285 1962 Remos,
321 1907 396 1962 quos
425 1888 579 1966 praecipuo
614 1906 734 1964 semper
767 1887 881 1946 honore
910 1886 1014 1946 Oaesar
1050 1887 1167 1962 habuit,

163 1973 275 2032 alteros
297 1993 352 2049 pro
375 1980 479 2032 vetere
502 1992 537 2030 ac
560 1979 709 2050 perpetua
731 1992 804 2048 erga
825 1973 973 2050 populum
995 1973 1168 2032 Romanum

162 2057 232 2133 fide,
257 2058 368 2117 alteros
398 2078 453 2134 pro
481 2058 655 2116 recentibus
686 2056 796 2115 Gallici
823 2058 897 2117 111111
927 2057 1050 2133 officim,
1084 2059 1169 2117 nulla

162 2142 228 2202 fere
252 2143 360 2202 civitas
383 2141 476 2202 fuerit
497 2163 558 2202 non
581 2150 726 2219 suspecta
736 2143 835 2202 nobis.
870 2143 969 2219 quue
992 2143 1067 2204 adeo
1086 2143 1170 2202 haud

163 2229 226 2288 scio
249 2228 459 2287 mirandumne
482 2229 531 2304 sit,
556 2249 648 2304 quum
671 2228 877 2305 compluribus
903 2229 969 2287 aliis
993 2229 1031 2287 de
1055 2229 1167 2303 causis,

104 2387 112 2394 N
162 2322 226 2373 tum
248 2314 386 2389 maxime,
410 2313 491 2390 quod
513 2314 543 2388 ii,
568 2315 619 2390 qui
637 2314 750 2374 virtute
773 2314 845 2372 belli
869 2315 1007 2373 omnibus
1024 2313 1171 2391 gentibus

162 2398 420 2478 praeferebantur,
455 2407 573 2458 tanturn
607 2419 641 2458 se
669 2399 736 2476 ejus
767 2399 918 2476 opinionis
948 2399 1170 2477 deperdidisse,

163 2493 197 2543 ut
231 2506 248 2543 a
281 2486 392 2562 populo
426 2486 564 2544 Romano
603 2485 731 2563 imperia
771 2484 953 2561 perferrent,
986 2485 1170 2561 gravissime

50 2564 61 2661 Ἰ
165 2569 316 2629 dolebant.

250 2655 315 2713 LV.
361 2655 480 2715 Treviri
502 2676 574 2716 vero
599 2662 690 2731 atque
701 2655 931 2713 Indutiomarus
949 2655 1043 2713 totius
1060 2655 1171 2714 hiemis

163 2739 279 2797 nullum
302 2746 422 2816 tempus
444 2740 682 2815 intermiserunt,
701 2741 775 2816 quin
792 2747 880 2798 trans
891 2740 1033 2799 Rhenum
1049 2740 1172 2817 legatos

164 2825 328 2899 mitterent,
359 2825 500 2885 civitates
529 2825 742 2900 sollicitarent,
771 2826 916 2902 pecunias
944 2825 1171 2903 pollicerentur,
1229 2841 1231 2844 ·

164 2930 275 2986 inagna
296 2918 384 2988 parte
408 2910 560 2969 exercitus
582 2911 680 2969 nostri
708 2910 872 2969 1111111011
900 2911 994 2969 multo
1023 2911 1173 2970 minorem

165 3014 327 3073 superesse
361 2995 498 3055 dicerent
530 3003 656 3073 partem.
713 2996 822 3070 Neque
851 3003 953 3054 tamen
975 2996 1029 3054 ulli
1052 2996 1173 3056 civitati

166 3080 386 3140 Germanorum
419 3081 598 3158 persuaderi
631 3082 740 3159 potuit,
774 3088 809 3138 ut
842 3081 983 3139 Rhenum
1014 3081 1172 3157 transiret,

165 3186 257 3240 quum
280 3185 313 3225 se
335 3167 383 3225 bis
407 3173 549 3244 expertos
573 3166 718 3240 dicerent,
742 3167 892 3225 Ariovisti
913 3167 994 3225 bello
1018 3174 1049 3224 11
1071 3166 1171 3226 Τ111-

166 3249 468 3326 111111111111111111;
492 3273 553 3311 non
576 3270 644 3311 esse
668 3252 797 3330 amplius
820 3250 975 3310 fortunam
986 3258 1172 3312 tentaturos.

165 3336 233 3393 Hac
256 3355 310 3412 spe
332 3337 438 3413 lapsus
450 3337 680 3396 Indutiomarus
700 3337 794 3396 nihilo
806 3337 906 3396 minus
926 3337 1030 3415 copias
1049 3356 1171 3414 cogere,

166 3439 318 3495 exercere,
343 3442 360 3479 a
381 3421 518 3481 finitimis
541 3442 634 3498 equos
662 3442 782 3501 parare,
812 3422 918 3481 exules
948 3422 1172 3498 damnatosque

166 3512 232 3565 tota
260 3505 360 3565 Gallia
382 3507 500 3584 magnis
522 3509 656 3584 praemiis
686 3508 725 3566 ad
753 3527 786 3566 se
821 3507 941 3566 allicere
970 3508 1071 3584 coepit.
1125 3509 1174 3567 Ac

165 3598 281 3649 tantam
304 3591 363 3650 sibi
381 3591 446 3669 jam
467 3592 515 3651 his
537 3595 630 3652 rebus
652 3594 684 3651 in
702 3592 802 3652 Gallia
821 3593 1032 3652 auctoritatem
1051 3612 1174 3671 compa·

166 3684 298 3751 raverat,
331 3685 366 3736 ut
399 3677 532 3753 undique
566 3678 605 3737 ad
639 3698 708 3737 eum
741 3678 910 3754 legationes
942 3687 1171 3754 concurrerent,

92 3769 99 3779 '
167 3763 297 3838 gratiam
327 3771 417 3839 atque
447 3764 612 3822 amicitiam
640 3763 761 3840 publice
789 3764 993 3840 privatimque
1021 3771 1172 3840 peterent.

253 3847 337 3906 LVI.
381 3849 444 3908 Ubi
465 3848 615 3907 intellexit
637 3848 716 3906 ultro
752 3848 790 3906 ad
812 3868 846 3907 se
869 3849 976 3921 veniri,
1008 3850 1105 3908 altera
1136 3870 1174 3909 ex

167 3940 255 4010 parte
290 3932 426 3993 Senones
462 3932 672 4008 Carnutesque
706 3933 892 3992 conscientia
919 3932 1062 3993 facinoris
1085 3935 1174 3994 insti-
