2670 4456
542 248 662 302 LIBER
685 248 750 302 VII.
1071 257 1153 337 '141

238 442 328 501 Lm.
374 443 442 502 Hac
471 443 576 502 habita
605 444 744 502 contione
779 451 809 502 et
839 443 877 502 ad
900 450 1065 503 extremam
1089 464 1155 502 ora-

152 527 264 586 tionem
287 527 472 588 confirmatis
495 529 652 602 militibus,
676 548 714 587 ne
738 529 776 586 ob
798 529 877 588 hano
907 548 1032 588 causam
1056 529 1154 588 animo

152 622 412 690 permoverentur,
446 634 515 690 neu,
545 614 627 689 quod
655 614 800 690 iniquitas
833 614 892 674 loci
927 614 1090 690 attulisset,
1125 615 1157 673 id

152 699 258 758 virtuti
279 699 412 758 hostium
435 700 619 774 tribuerent,
649 700 756 759 eadem
789 699 826 758 de
855 699 1045 777 profectione
1075 701 1156 777 cogi·

153 791 237 858 tans,
272 805 340 860 quae
375 793 445 844 ante
480 793 628 860 senserat,
663 786 800 862 legiones
835 805 872 844 ex
906 787 1016 845 castris
1052 786 1157 844 eduxit

155 869 309 945 aciemque
336 871 445 930 idoneo
480 871 545 930 loco
575 871 741 930 constituit.
795 870 894 941 Quum
921 871 1157 948 Vercingetorix

155 955 248 1014 nihilo
272 956 370 1032 magis
394 957 435 1029 „in
459 977 579 1032 aequum
606 957 707 1016 locum
741 956 955 1030 descenderet,
984 957 1045 1017 levi
1074 956 1156 1016 facto

154 1042 288 1116 equestri
320 1042 428 1119 proelio
457 1050 548 1118 atque
577 1063 612 1100 eo
645 1041 777 1102 secundo
806 1041 837 1100 in
861 1049 963 1100 castra
986 1042 1155 1100 exercitum

153 1125 283 1185 reduxit.
331 1127 430 1198 Quum
453 1129 510 1187 hoc
533 1128 614 1187 idem
636 1134 760 1206 postero
784 1127 833 1186 die
855 1126 992 1202 fecisset,
1017 1127 1093 1186 satis
1118 1126 1157 1186 ad

156 1211 305 1271 Gallicam
328 1214 562 1272 ostentationem
592 1212 786 1273 minuendam
814 1213 1004 1288 militumque
1039 1213 1156 1271 animos
1262 1211 1267 1215 ’

156 1296 377 1357 confirmandos
394 1298 510 1358 factum
527 1300 714 1374 existimans,
738 1299 769 1357 in
786 1298 924 1357 Haeduos
936 1299 1032 1358 movit
1044 1306 1154 1358 castra.

42 1394 44 1399 “
154 1383 202 1442 Ne
224 1391 288 1442 tum
311 1384 433 1459 quidem
454 1385 602 1444 insecutis
625 1385 766 1444 hostibus
790 1385 879 1444 tertio
903 1384 952 1443 die
983 1383 1022 1442 ad
1043 1383 1155 1442 fiumen

155 1469 268 1529 Elaver
290 1477 414 1546 pontem
435 1470 533 1530 reficit
556 1490 652 1546 eoque
675 1471 842 1530 exercitum
863 1470 1005 1529 traducit.

240 1555 326 1613 LIV.
370 1556 420 1614 Ibi
444 1578 461 1615 a
483 1556 674 1615 Viridomaro
698 1563 789 1631 atque
800 1555 1009 1633 Eporedorige
1027 1555 1157 1615 Haeduis

155 1641 327 1717 appellatus
354 1641 445 1700 discit
467 1662 535 1700 cum
559 1643 639 1700 omni
662 1642 799 1717 equitatu
811 1641 984 1700 Litavioum
1013 1640 1052 1699 ad
1075 1640 1156 1699 solli-

156 1725 293 1785 citandos
316 1727 454 1786 Haeduos
477 1727 662 1804 profectum;
694 1746 770 1804 opus
802 1745 870 1785 esse
901 1732 932 1785 et
959 1727 1045 1803 ipsos
1074 1732 1157 1784 ante-

156 1811 264 1870 cedere
286 1812 326 1871 ad
349 1811 584 1872 confirmandam
608 1813 771 1887 civitatem.
818 1812 887 1869 Etsi
908 1812 1012 1870 multis
1026 1811 1092 1887 jam
1110 1830 1156 1869 re-

156 1898 213 1955 bus
236 1897 395 1974 perfidiam
412 1898 601 1958 Haeduorum
622 1905 817 1977 perspectam
839 1898 973 1958 habebat
996 1903 1086 1973 atque
1105 1897 1157 1954 ho-

156 2002 223 2040 rum
246 1982 385 2043 discessu
415 1984 601 2044 admaturari
620 1983 823 2043 defectionem
847 1982 981 2043 civitatis
1005 1983 1157 2042 existima-

155 2068 217 2143 bat,
241 2076 343 2128 tamen
366 2089 417 2128 eos
440 2070 617 2129 retinendos
639 2090 700 2129 non
724 2070 859 2144 censuit,
894 2089 932 2127 ne
962 2076 1016 2127 aut
1042 2068 1157 2127 inferre

155 2153 299 2229 injuriam
322 2154 479 2215 videretur
502 2164 554 2215 aut
583 2157 671 2215 daret
698 2155 814 2214 timoris
846 2155 978 2230 aliquam
1009 2153 1157 2231 suspicio-

155 2258 233 2297 nem.
278 2241 517 2300 Discedentibus
540 2243 577 2299 iis
599 2241 737 2301 breviter
759 2261 815 2298 sua
837 2241 868 2297 in
890 2239 1027 2298 Haeduos
1051 2239 1160 2297 merita

157 2327 312 2402 exposuit:
338 2346 413 2402 quos
438 2334 468 2384 et
491 2347 581 2401 quam
610 2325 739 2385 humiles
768 2325 953 2402 accepisset,
985 2323 1159 2401 compulsos

155 2410 188 2467 in
211 2411 332 2489 oppida,
355 2411 501 2471 multatos
525 2412 616 2489 agris,
647 2412 786 2470 omnibus
815 2411 928 2488 ereptis
957 2409 1068 2487 copiis,
1105 2409 1159 2465 im-

157 2495 257 2572 posito
281 2497 442 2575 stipendio,
467 2497 625 2556 obsidibus
655 2517 772 2556 summa
800 2516 868 2554 cum
897 2494 1079 2554 contumelia
1109 2515 1159 2551 cx-

127 2592 139 2608 *
157 2582 256 2655 tortis,
281 2590 312 2642 et
334 2602 425 2658 quam
446 2583 477 2641 in
508 2582 662 2642 fortunam
691 2601 840 2658 quamque
868 2581 900 2639 in
930 2579 1160 2658 amplitudinem

159 2665 345 2744 deduxisset,
370 2676 486 2728 utnon
509 2669 608 2728 solum
630 2669 662 2726 in
683 2669 846 2746 pristinum
870 2674 983 2726 statum
994 2666 1158 2739 redissent,

157 2751 213 2811 sed
236 2755 369 2812 omnium
391 2762 560 2832 temporum
591 2755 770 2832 dignitatem
801 2760 831 2811 et
861 2753 991 2829 gratiam
1022 2759 1159 2811 anteces-

158 2837 236 2896 sisse
253 2837 445 2899 'viderentun
480 2840 539 2899 His
562 2839 642 2899 datis
665 2839 817 2898 mandatis
841 2858 893 2897 eos
917 2840 955 2897 ab
979 2857 1013 2897 se
1035 2837 1159 2895 dimisit.

245 2925 310 2984 LV.
356 2925 572 2985 Noviodunum
596 2932 662 2984 erat
685 2925 831 3004 oppidum
852 2922 1041 2983 Haeduorum
1065 2921 1104 2980 ad
1121 2922 1160 2979 ri-
1217 2959 1219 2964 ·

158 3029 214 3084 pas
226 3011 348 3087 Ligeris
371 3018 541 3089 opportuno
564 3011 631 3070 looo
655 3012 798 3088 positum.
843 3009 913 3066 Huc
927 3008 1031 3068 Caesar
1055 3025 1160 3065 omnes

160 3095 282 3154 obsides
306 3095 425 3171 Gallias,
448 3096 644 3171 frumentum,
667 3095 827 3173 pecuniam
850 3094 1012 3172 publicam,
1038 3111 1161 3150 suorum

160 3188 251 3255 atque
280 3182 433 3240 exercitus
462 3181 746 3259 impedimentorum
773 3200 915 3257 magnam
942 3187 1060 3256 partem
1091 3198 1161 3237 con-

160 3266 285 3341 tulerat3
322 3267 380 3326 huc
414 3288 557 3344 magnum
589 3287 747 3326 numerum
783 3285 937 3341 equorum,
972 3264 1065 3341 hujus
1086 3263 1160 3322 belli

161 3371 253 3411 causa
275 3353 307 3410 in
328 3353 406 3411 Ialia
429 3360 521 3429 atque
533 3353 685 3430 Hispania
719 3358 906 3429 coemptum,
935 3351 1070 3410 miserat.
1116 3349 1162 3406 llo

162 3457 254 3511 quum
277 3438 468 3515 Eporedorix
479 3439 750 3513 Viridomarusque
773 3437 931 3497 venissent
960 3444 991 3496 et
1019 3436 1056 3494 de
1080 3441 1163 3493 statu

161 3521 295 3582 civitatis
318 3526 544 3601 cognovissent,
568 3525 741 3584 Litavioum
752 3523 898 3582 Bibracte
922 3524 959 3581 ab
972 3520 1101 3580 Haeduis
1113 3539 1160 3576 re-

162 3615 295 3686 ceptum,
320 3610 402 3684 quod
424 3617 472 3668 est
495 3609 639 3690 oppidum
663 3609 744 3688 apud
767 3629 820 3668 eos
842 3609 981 3668 maximae
1001 3605 1163 3664 auotorita-

161 3694 211 3770 tis,
232 3693 506 3755 Conuictolitauem
524 3696 738 3772 magistratum
754 3713 956 3771 magnamque
974 3698 1093 3769 partem
1116 3709 1162 3746 se-

161 3786 252 3837 natus
276 3778 315 3838 ad
346 3799 414 3838 eum
446 3782 635 3855 convenisse,
665 3781 784 3857 legatos
814 3779 853 3838 ad
880 3775 1164 3852 Vercingetorigem

162 3863 200 3922 de
233 3885 310 3943 pace
344 3873 375 3923 et
408 3865 542 3924 amicitia
576 3865 765 3925 concilianda
797 3864 919 3943 publice
952 3861 1073 3934 missos,
1104 3879 1164 3918 non

161 3951 454 4025 praetermittendum
470 3957 590 4009 tantum
602 3951 790 4010 commodum
808 3948 1066 4008 existimaverunt.
1100 3946 1164 4003 Ita-
