2670 4456
567 254 688 309 LIBER
706 255 728 309 I.
1126 265 1163 323 11

129 449 209 525 dius,
245 451 297 527 qui
330 450 374 509 rei
408 448 548 509 militaris
576 450 781 528 peritissimus
810 450 980 509 habebatur
1007 458 1038 511 et
1060 452 1093 511 in
1115 473 1165 512 ex·

128 536 225 595 ercitu
247 537 283 595 L.
308 535 402 595 Sullae
425 542 456 594 et
483 544 593 614 postea
613 535 646 595 in
673 536 716 595 M.
741 534 844 595 Crassi
871 534 982 612 fuerat,
1017 556 1086 597 oum
1115 557 1165 598 ex-

129 621 336 699 ploratoribus
358 621 564 700 praemittitur.

213 707 324 767 XXII.
375 707 478 766 Prima
505 708 574 768 luce
604 726 697 783 quum
725 725 862 766 summus
890 727 978 767 mons
1008 709 1082 768 aT.
1106 710 1166 769 La·

128 791 219 851 bieno
253 799 427 865 teneretur,
466 793 533 870 ipse
567 794 605 852 ab
640 792 773 852 hostium
808 793 916 852 castris
950 813 1012 853 non
1045 794 1166 872 longius

128 877 210 937 mille
244 885 275 937 et
308 878 483 955 quingentis
512 879 656 956 passibus
685 879 817 953 abesset,
851 898 960 955 neque,
995 887 1030 938 ut
1057 888 1167 958 postea

128 982 165 1022 ex
193 963 324 1041 captivis
359 963 516 1041 comperit,
554 971 607 1023 aut
639 964 736 1042 ipsius
770 963 921 1024 adventus
955 972 1008 1024 aut
1038 966 1166 1026 Labieni

128 1049 269 1126 cognitus
299 1055 391 1123 esset,
427 1048 589 1109 Considius
623 1069 700 1124 equo
731 1049 864 1109 admisso
895 1049 934 1109 ad
963 1070 1032 1109 eum
1060 1072 1166 1111 accur-

126 1133 181 1207 rit;
217 1133 291 1193 dicit
324 1140 467 1207 montem,
502 1155 592 1210 quem
626 1155 644 1194 a
678 1135 814 1194 Labieno
849 1136 991 1214 occupari
1023 1136 1164 1212 voluerit,

128 1220 166 1278 ab
196 1219 337 1279 hostibus
366 1221 478 1293 teneri;
513 1220 546 1279 id
577 1239 611 1280 se
641 1220 768 1280 Gallicis
798 1221 890 1281 armis
919 1229 1011 1297 atque
1038 1222 1165 1300 insigni-

126 1305 185 1363 bus
214 1305 405 1382 cognovisse.
462 1304 567 1365 Caesar
600 1326 672 1366 suas
707 1306 811 1384 copias
845 1307 877 1365 in
904 1307 1075 1385 proximum
1104 1309 1165 1366 col-

126 1389 187 1449 lem
209 1390 362 1461 subducit,
386 1391 482 1450 aciem
504 1392 638 1452 instruit.
694 1392 860 1467 Labienus,
891 1400 926 1452 ut
949 1401 1014 1453 erat
1037 1394 1064 1453 ei
1086 1413 1165 1472 prae-

130 1483 255 1554 ceptum
283 1497 301 1535 a
331 1475 463 1552 Caesare,
498 1496 537 1536 ne
563 1477 705 1557 proelium
734 1478 946 1553 committeret,
980 1479 1040 1538 nisi
1067 1479 1165 1558 ipsius

131 1562 227 1641 eopiae
268 1581 364 1640 prope
404 1562 538 1622 hostium
573 1570 674 1622 castra
707 1563 782 1623 visae
817 1570 929 1639 essent,
963 1571 998 1623 ut
1030 1564 1165 1641 undique

129 1666 190 1706 uno
224 1654 362 1726 tempore
396 1648 428 1706 in
461 1648 567 1707 hostes
594 1649 727 1727 impetus
754 1647 858 1723 fieret,
885 1658 988 1709 monte
1013 1658 1165 1729 occupato

128 1739 252 1792 nostros
286 1734 470 1811 expectabat
503 1733 673 1811 proelioque
707 1734 891 1793 abstinebat.
947 1735 1046 1794 Multo
1081 1736 1165 1796 deni·

128 1837 187 1893 que
221 1817 269 1877 die
303 1838 359 1896 per
392 1819 601 1896 exploratores
637 1818 742 1879 Caesar
781 1820 924 1897 cognovit
965 1827 996 1880 et
1030 1829 1165 1881 montem

127 1923 146 1961 a
175 1903 239 1963 suis
263 1904 364 1967 ‚teneri
393 1911 423 1964 et
445 1906 606 1965 Helvetios
636 1913 738 1965 castra
765 1906 899 1966 movisse
927 1913 958 1965 et
987 1905 1166 1966 Considium

126 1988 235 2048 timore
256 1991 462 2068 perterritum,
494 1991 576 2067 quod
604 2012 665 2050 non
693 1991 832 2066 vidisset,
861 2012 916 2070 pro
945 1993 1012 2052 viso
1036 1992 1096 2052 sibi
1118 2013 1164 2052 re-

126 2074 295 2134 nuntiasse.
352 2076 399 2134 Εο
423 2076 481 2151 die,
516 2098 576 2153 quo
600 2084 762 2137 consuerat
783 2076 957 2152 intervallo,
987 2078 1092 2138 hostes
1117 2097 1164 2139 se·

119 2160 230 2235 quitur
263 2168 294 2220 et
328 2162 411 2221 milia
444 2182 592 2240 passuum
624 2163 684 2223 tria
717 2164 755 2223 ab
790 2183 895 2223 eorum
923 2164 1033 2224 castris
1063 2170 1166 2224 castra

129 2246 225 2323 ponit.

212 2330 340 2391 XXIII.
397 2333 549 2393 Postridie
579 2333 647 2411 ejus
676 2333 747 2407 diei,
782 2333 864 2409 quod
893 2335 1013 2394 omnino
1036 2333 1164 2393 biduum

127 2424 301 2495 supererat,
337 2438 431 2492 quum
464 2419 611 2479 exercitui
644 2418 831 2478 frumentum
864 2419 964 2477 metiri
998 2426 1162 2496 oporteret,

128 2508 159 2562 et
194 2503 276 2578 quod
304 2523 323 2561 a
349 2503 504 2579 Bibracte,
540 2504 650 2582 oppido
684 2503 873 2563 Haeduorum
906 2505 997 2582 longe
1030 2504 1162 2564 maximo

126 2594 157 2647 et
192 2588 417 2666 copiosissimo,
453 2610 513 2649 non
547 2590 677 2669 amplius
710 2589 833 2648 milibus
867 2609 1015 2668 passuum
1046 2590 1164 2650 XVIII

126 2674 241 2748 aberat,
276 2675 321 2733 rei
353 2672 561 2736 frumentariae
590 2675 837 2754 prospiciendum
867 2676 1068 2750 existimavit;
1105 2676 1164 2737 iter

126 2759 164 2818 ab
192 2758 345 2820 Helvetiis
375 2762 486 2821 avertit
515 2781 550 2821 ac
573 2763 718 2821 Bibracte
747 2761 791 2820 ire
821 2761 986 2821 contendit.
1042 2762 1090 2821 Ea
1111 2781 1162 2822 res

126 2863 181 2922 per
215 2843 364 2922 fugitivos
397 2847 434 2905 L.
458 2847 582 2922 AEmilii,
617 2846 790 2906 decurionis
824 2848 961 2922 equitum
994 2847 1162 2924 Gallorum,

124 2929 266 2989 hostibus
286 2932 453 2991 nuntiatur.
509 2932 653 3007 Helvetii,
689 2951 744 2992 seu
772 2932 854 3008 quod
882 2933 990 2992 timore
1017 2935 1162 3010 perterri-

124 3021 174 3074 tos
213 3015 369 3077 Romanos
408 3017 566 3078 discedere
600 3039 618 3077 a
656 3037 689 3077 se
724 3017 942 3093 existimarent,
984 3037 1019 3077 eo
1053 3019 1161 3095 magis,

126 3099 209 3177 quod
246 3101 344 3180 pridie
383 3103 593 3182 superioribus
626 3103 702 3162 locis
735 3103 892 3181 occupatis
926 3103 1067 3180 proelium
1101 3122 1163 3162 non

126 3187 364 3263 commisissent,
404 3190 471 3249 sive
504 3208 549 3265 eo,
584 3188 666 3265 quod
700 3209 734 3247 re
766 3188 967 3248 frumentaria
999 3188 1163 3248 intercludi

124 3290 217 3350 posse
245 3272 440 3349 confiderent,
476 3282 661 3334 commutato
691 3274 816 3333 consilio
846 3282 938 3351 atque
959 3275 1067 3334 itinere
1090 3295 1161 3334 con-

125 3377 214 3417 verso
248 3365 370 3419 nostros
399 3382 416 3420 a
444 3360 609 3420 novissimo
639 3360 758 3438 agmine
788 3360 907 3436 insequi
940 3380 976 3421 ac
1009 3361 1162 3421 lacessere

128 3451 296 3521 coeperunt.

211 3528 334 3590 XXIV.
385 3531 554 3606 Postquam
581 3530 613 3589 id
636 3530 770 3589 animum
793 3530 935 3605 advertit,
961 3530 1063 3609 copias
1087 3549 1160 3589 suas

127 3612 232 3673 Caesar
259 3615 291 3674 in
312 3616 484 3694 proximum
513 3616 621 3675 collem
649 3615 803 3690 subducit,
835 3616 1073 3691 equitatumque,
1108 3615 1162 3691 qui

125 3699 292 3759 sustineret
313 3701 447 3760 hostium
469 3702 625 3780 impetum,
650 3701 742 3760 misit.
788 3701 861 3780 Ipse
883 3701 1005 3760 interim
1027 3701 1059 3759 in
1082 3700 1160 3759 colle

125 3784 224 3844 medio
258 3785 409 3864 triplicem
443 3787 539 3846 aciem
571 3786 716 3847 instruxit
748 3787 902 3865 legionum
931 3792 1075 3863 quattuor
1108 3805 1160 3847 ve-

125 3875 314 3945 teranarum3
343 3873 375 3931 in
398 3892 516 3932 summo
535 3871 612 3949 jugo
636 3873 713 3931 duas
735 3873 880 3950 legiones,
905 3872 1036 3947 quasin
1060 3871 1161 3931 Gallia

126 3954 266 4016 citeriore
293 3958 429 4035 proxime
459 3958 692 4036 conscripserat,
727 3965 758 4016 et
788 3957 888 4016 omnia
922 3957 1034 4016 auxilia
1067 3957 1160 4017 collo·
