2670 4456
580 236 701 292 LIBER
719 237 753 292 V.
1129 246 1170 303 83

162 435 253 510 cavit,
278 452 313 492 ao
336 451 455 492 summa
476 431 697 507 tranquillitate
719 439 900 507 consecuta,
935 430 1069 491 secunda
1096 431 1171 490 inita

162 539 254 597 quum
277 518 421 579 solvisset
443 517 557 594 vigilia,
580 517 678 595 prima
700 517 768 576 luce
791 524 903 576 terram
927 517 1029 595 attigit
1052 536 1170 577 omnes-

162 626 221 682 que
242 605 410 664 incolumes
432 621 529 663 naves
551 601 704 680 perduxit.

246 689 368 749 XXIV.
404 688 572 748 Subductis
589 688 720 749 navibus
740 688 929 763 concilioque
943 688 1103 748 Gallorum
1116 688 1170 748 Sa-

162 776 342 836 marobrivae
364 782 506 852 peracto,
536 773 618 848 quod
646 793 681 832 eo
705 793 783 832 anno
807 772 992 833 frumentum
1015 775 1046 833 iu
1070 774 1171 833 Gallia

161 869 287 941 propter
308 860 465 920 siccitates
488 859 648 936 angustius
670 867 864 938 provenerat,
889 867 1015 918 coactus
1045 867 1093 919 est
1116 860 1170 921 ali-

162 957 209 1008 ter
238 966 273 1007 ac
302 945 510 1024 superioribus
539 944 626 1003 annis
656 945 822 1004 exercitum
852 945 883 1003 in
914 944 1050 1004 hibernis
1080 946 1171 1005 collo·

163 1052 232 1093 care
254 1032 451 1109 legionesque
472 1031 505 1091 in
525 1030 629 1108 plures
653 1030 795 1091 civitates
819 1030 1018 1101 distribuere;
1044 1050 1081 1089 ex
1105 1031 1169 1106 qui·

162 1120 220 1178 bus
242 1138 334 1177 unam
355 1117 387 1176 in
409 1116 545 1175 Morinos
568 1115 737 1175 ducendam
767 1115 804 1175 G.
826 1115 922 1174 Fabio
945 1110 1053 1191 legato}
1077 1115 1171 1190 dedit,

163 1204 290 1264 alteram
312 1203 343 1261 in
365 1201 497 1262 Nervios
521 1200 557 1272 Q.
583 1200 731 1275 Ciceroni,
760 1202 882 1260 tertiam
912 1202 944 1260 in
971 1201 1106 1261 Esurios
1134 1202 1171 1261 L.

162 1289 286 1363 Roscio,
310 1295 450 1363 quartam
482 1287 514 1345 in
542 1286 648 1345 Remis
678 1307 747 1345 cum
770 1286 804 1345 Τ.
829 1287 965 1345 Labieno
988 1287 1019 1345 in
1043 1285 1171 1345 confinio

163 1374 358 1435 Trevirorum
391 1373 526 1431 hiemare
556 1371 666 1446 jussit,
701 1380 765 1431 tres
798 1373 830 1431 in
852 1372 958 1449 Belgis
993 1371 1171 1446 collocavit;

163 1461 210 1520 his
232 1460 275 1518 M.
300 1457 445 1518 Crassum
468 1466 652 1533 quaestorem
675 1465 706 1516 et
727 1459 763 1516 L.
788 1458 959 1517 Munatium
970 1458 1119 1517 Plancum
1142 1465 1173 1517 et

165 1546 201 1606 C.
225 1545 409 1604 Trebonium
432 1543 551 1620 legatos
573 1541 722 1621 praefecit.
769 1542 869 1602 Unam
891 1543 1057 1620 legionem,
1082 1564 1173 1619 quam

163 1630 300 1709 proxime
327 1637 414 1688 nans
436 1627 553 1687 Padum
575 1628 810 1706 conscripserat,
845 1636 876 1688 et
911 1629 1052 1688 cohortes
1087 1628 1173 1704 quin-

165 1716 276 1792 quein
298 1715 474 1789 Eburones,
505 1733 632 1811 quorum
664 1733 737 1790 pars
766 1714 896 1772 maxima
925 1721 973 1772 est
1000 1714 1081 1771 inter
1108 1713 1173 1772 Mo·

166 1822 230 1861 sam
253 1821 289 1860 ac
310 1801 462 1874 Rhenum,
491 1799 543 1875 qui
570 1800 664 1858 sub
656 1799 782 1877 rmperio
810 1799 998 1876 Ambiorigis
1028 1806 1059 1857 et
1082 1797 1173 1858 Catu-

165 1887 244 1948 volci
267 1894 363 1961 erant,
386 1885 479 1944 misit
530 1885 590 1943 His
620 1884 768 1944 militibus
792 1883 829 1956 Q.
853 1884 1003 1943 Titurium
1027 1883 1175 1943 Sabinum

166 1972 255 2032 etL.
278 1931 466 2047 Aurinculej
470 1990 520 2028 um
545 1969 666 2029 Cottam
687 1970 808 2047 legatos
829 1989 965 2047 praeesse
984 1970 1089 2048 jussit
1123 1969 1175 2027 Ad

165 2059 245 2117 hunc
267 2057 391 2116 modum
413 1991 585 2115 distributis
608 2056 781 2132 legionibus
803 2054 985 2115 facillime
976 2055 1087 2134 mopiae
1110 2054 1174 2114 fru-

165 2143 321 2204 mentariae
351 2160 420 2201 sese
454 2141 569 2201 mederi
602 2161 694 2220 posse
718 2142 920 2216 existimavit3
951 2149 1043 2217 atque
1066 2141 1175 2200 harum
1260 2174 1263 2179 ·

165 2237 267 2288 tamen
301 2227 435 2287 omnium
467 2227 621 2303 legionum
653 2227 782 2287 hiberna
816 2226 1044 2305 (praeteream,
1081 2219 1174 2308 qufm
1213 2208 1284 2287 αἶ’]

165 2315 201 2374 L
224 2312 369 2373 Roscio
361 2334 393 2372 m
415 2312 643 2391 pacatissimam
671 2319 702 2370 et
730 2312 949 2387 quietissimam
977 2320 1097 2389 partem
1121 2309 1175 2368 du-

165 2398 293 2459 cendam
304 2397 441 2469 dederat)
463 2397 586 2457 milibus
608 2417 756 2474 passuum
785 2404 907 2456 centum
929 2396 1174 2456 continebantur.

166 2485 239 2563 Ipse
273 2485 400 2559 interea,
436 2481 537 2560 quoad
565 2483 701 2559 legiones
730 2482 895 2541 collocatas
924 2482 1102 2558 munitaque
1130 2481 1175 2540 hi·

165 2571 261 2630 berna
284 2569 498 2646 cognovisset,
511 2569 542 2625 in
566 2567 667 2627 Gallia
688 2567 800 2626 morari
824 2567 991 2626 constituit.

251 2653 354 2714 XXV.
389 2654 467 2714 Erat
488 2655 520 2712 in
543 2652 728 2712 Carnutibus
752 2672 869 2712 summo
892 2653 958 2712 loco
986 2661 1077 2713 natus
1099 2653 1175 2712 Tas-

165 2740 276 2818 getius,
306 2739 394 2816 cujus
422 2738 554 2816 majores
582 2739 613 2797 in
641 2757 697 2798 sua
727 2738 849 2799 civitate
878 2759 1007 2816 regnum
1037 2739 1174 2798 obtinue-

166 2834 245 2885 rant.
290 2825 371 2883 Huic
395 2824 501 2885 Caesar
521 2844 576 2903 pro
608 2823 674 2901 ejus
704 2824 819 2884 virtute
847 2833 939 2900 atque
966 2825 998 2884 in
1027 2845 1061 2884 se
1083 2825 1175 2883 bene·

165 2910 310 2987 volentia,
343 2910 424 2986 quod
450 2910 482 2969 in
515 2909 655 2969 omnibus
688 2910 778 2969 bellis
811 2910 958 2987 singulari
986 2908 1053 2986 ejus
1083 2927 1176 2987 opera

165 2994 267 3055 fuerat
287 3013 373 3071 usus,
407 2994 556 3072 majorum
582 2995 683 3053 locum
709 2996 896 3054 restituerat.
947 2994 1084 3053 Tertium
1109 2993 1175 3070 jam

165 3081 247 3140 hunc
280 3100 391 3140 annum
423 3088 602 3157 regnantem
634 3080 748 3139 inimici
782 3078 905 3156 quidam
938 3078 1042 3138 multis
1071 3078 1175 3157 palam

166 3185 204 3226 ex
244 3166 367 3226 civitate
407 3165 501 3225 caedis
543 3165 717 3225 auctoribus
752 3185 821 3224 eum
849 3163 1078 3224 interfecerunt.
1112 3163 1175 3223 De·

165 3250 264 3311 fertur
286 3271 323 3310 ea
344 3270 394 3310 res
418 3250 458 3310 ad
481 3250 642 3310 Caesarem.
694 3251 753 3310 Ille
775 3250 902 3325 veritus,
933 3248 1016 3326 quod
1046 3249 1085 3309 ad
1107 3248 1175 3329 plu-

165 3355 216 3396 res
237 3336 420 3414 pertinebat,
453 3356 492 3396 ne
520 3337 627 3397 civitas
661 3355 765 3395 eorum
791 3335 924 3413 impulsu
954 3333 1108 3411 deficeret,
1138 3335 1174 3394 L.

165 3421 314 3482 Plancum
347 3440 415 3480 oum
447 3421 566 3498 legione
595 3441 632 3481 ex
659 3421 767 3499 Belgio
797 3420 937 3481 celeriter
965 3421 997 3480 in
1023 3421 1176 3482 Carnutes

165 3505 320 3586 proficisci
343 3506 434 3583 jubet
460 3507 563 3583 ibique
590 3506 739 3581 hiemare,
768 3526 957 3583 quorumque
986 3526 1082 3585 opera
1105 3525 1175 3582 cog·

166 3601 295 3654 noverat
327 3591 504 3670 Tasgetium
536 3590 741 3667 interfectum,
777 3593 834 3652 hos
857 3593 1097 3671 comprehensos
1131 3588 1171 3648 ad

167 3697 201 3738 se
223 3677 353 3738 mittere.
399 3678 527 3737 Interim
539 3679 577 3736 ab
596 3677 736 3736 omnibus
749 3673 869 3754 [legatis
882 3671 1174 3754 quaestoribusquel,

167 3763 278 3839 quibus
298 3763 435 3840 legiones
457 3762 636 3838 tradiderat,
654 3763 766 3822 certior
787 3762 890 3822 factus
913 3770 961 3822 est
982 3763 1014 3820 in
1038 3762 1173 3820 hiberna

166 3857 350 3927 perventum
371 3848 532 3924 locumque
555 3845 710 3921 [hibernis]
734 3866 804 3908 esse
825 3847 983 3907 munitum.

967 3943 999 3996 6.
