2670 4456
575 248 695 303 LIBER
713 251 746 305 V.
1126 263 1163 318 81

163 443 278 518 nitas
262 443 459 520 ejusdemque
481 444 602 520 generis
625 446 682 502 sub
696 464 775 519 aqua
798 443 905 504 defixae
928 446 1021 505 sudes
1043 445 1167 505 flumine

164 530 354 606 tegebantur.
399 528 458 587 His
486 531 579 588 rebus
608 529 739 607 cognitis
771 551 789 588 a
812 531 941 608 captivis
969 531 1168 609 perfugisque

160 613 269 673 Caesar
301 614 460 693 praemisso
495 615 632 690 equitatu
663 614 791 674 confest'
771 623 825 673 tun
858 616 993 693 legiones
1023 618 1168 692 subsequi

164 700 268 777 jussit.
315 699 378 759 Sed
400 720 436 758 ea
458 701 613 790 celeritate
628 708 726 776 atquc
750 702 912 779 eoimpetu
928 703 1065 761 milites
1056 712 1166 777 1erunt,

164 805 255 861 quum
277 786 377 863 capite
401 786 465 845 solo
489 806 525 844 ex
549 806 628 861 aqua
650 794 805 861 extarent,
834 795 868 845 ut
890 788 994 847 hostes
1023 749 1167 866 impetuni

163 871 315 948 legionum
338 878 430 946 atque
453 871 587 946 equitum
611 872 762 930 sustinere
784 892 845 930 non
867 882 995 949 possent
1023 874 1167 951 ripasque

165 955 354 1015 dimitterent
376 976 411 1015 ac
435 976 467 1015 se
490 955 572 1033 fugae
595 957 783 1016 mandarent.

248 1041 341 1101 XIX.
366 1041 623 1117 Cassivellaunus,
636 1051 774 1120 utsupra
786 1042 1068 1117 demonstravimus,
1088 1045 1168 1102 omni

93 1140 98 1147 ·
165 1126 303 1204 deposita
338 1147 393 1206 spe
428 1128 629 1187 contentionis
664 1128 798 1186 dimissis
832 1128 1027 1205 amplioribus
1062 1129 1167 1206 copiis,

163 1212 284 1272 milibus
318 1213 439 1272 circiter
467 1220 610 1289 quattuor
644 1213 867 1273 essedariorum
900 1214 1025 1288 relictis,
1059 1214 1168 1273 itinera

150 1305 271 1357 'nostra
298 1300 444 1360 seruabat
471 1299 655 1376 paulumque
686 1319 723 1357 111
752 1298 803 1359 uia
831 1298 999 1358 excedebat
1032 1300 1168 1374 locisque

162 1383 316 1460 impeditis
347 1404 383 1442 ac
412 1384 604 1444 siluestribus
634 1404 703 1443 sese
733 1384 907 1443 occultabat
937 1391 1028 1460 atque
1056 1385 1093 1443 iis
1121 1405 1168 1443 11-

163 1469 313 1545 gionibus,
350 1469 460 1545 quibus
493 1490 549 1528 nos
583 1471 642 1528 iter
673 1468 811 1528 facturos
840 1477 1034 1546 cognouerat,
1057 1491 1168 1548 pecora

164 1561 255 1629 atque
277 1554 415 1613 homines
439 1574 477 1613 ex
500 1556 582 1632 agris
605 1555 635 1613 in
659 1555 753 1615 silvas
777 1556 1168 1632 compellebat;etquu1n

164 1639 318 1736 equitatus
340 1647 446 1699 noster
467 1640 593 1699 liberius
616 1640 774 1737 praedandi
797 1640 999 1737 vastandique
1023 1660 1117 1699 causa
1135 1661 1168 1699 11

166 1725 197 1782 in
232 1745 322 1802 agros
357 1725 500 1801 ejecerat,
535 1726 674 1784 omnibns
707 1725 765 1785 uiis
789 1726 967 1800 semitisque
996 1725 1168 1784 essedarios

163 1829 200 1868 ex
229 1811 314 1871 siluis
344 1811 500 1870 emittebat
529 1819 559 1870 et
586 1831 695 1888 magno
726 1831 794 1869 cum
826 1810 960 1889 periculo
994 1818 1169 1870 nostrorum

163 1895 299 1970 equitum
322 1916 391 1955 cum
412 1897 450 1955 iis
474 1895 657 1973 confligebat
685 1904 776 1972 atque
803 1896 860 1955 hoc
888 1903 972 1955 metu
1001 1896 1093 1955 latius
1116 1918 1168 1956 ua-

162 1981 228 2058 gari
256 1982 446 2059 prohibebat,
502 1982 753 2057 Relinquebatur,
788 1990 822 2039 ut
854 2002 953 2057 neque
980 1983 1100 2059 longius
1131 1985 1168 2041 ab

163 2067 282 2142 agmine
304 2067 458 2144 legionum
481 2067 598 2126 discedi
622 2067 725 2126 Caesar
747 2074 905 2146 pateretur
933 2076 963 2127 et
991 2076 1109 2126 tantum
1138 2069 1169 2126 in

162 2153 244 2228 agris
266 2152 426 2213 uastandis
443 2153 651 2228 incendiisque
670 2151 820 2212 faciendis
840 2153 979 2212 hostibus
998 2161 1169 2226 noceretur,

162 2246 306 2312 quantum
340 2239 445 2297 labore
475 2245 566 2313 atquc
595 2239 702 2297 itinere
730 2238 888 2314 legionarii
916 2238 1028 2295 milites
1048 2236 1169 2296 efficere

162 2329 312 2400 poterant.

248 2408 322 2466 XX.
367 2409 495 2467 Interim
518 2408 730 2482 Trinouantes,
753 2427 848 2484 prope
870 2405 1044 2464 firmissima
1068 2427 1171 2464 aarum

163 2493 323 2568 regionum
346 2493 464 2569 ciuitas,
489 2513 526 2551 ex
549 2514 609 2568 qua
631 2492 874 2551 Mandubracius
900 2492 1081 2550 adolescens
1105 2491 1170 2550 Cae-

149 2570 241 2637 saris
263 2577 355 2637 fidem
378 2585 501 2637 secutus
525 2578 564 2637 ad
587 2599 655 2637 eum
677 2579 708 2636 in
731 2579 935 2636 continentem
959 2577 1089 2636 Galliam
1119 2600 1170 2638 ve-

163 2670 253 2722 nerat
276 2663 375 2740 (cujus
398 2670 485 2741 pater
509 2661 759 2736 [Imannuentius]
782 2664 814 2721 in
837 2683 873 2722 ea
896 2663 1020 2723 ciuitate
1042 2684 1171 2740 regnum

164 2749 339 2808 obtinuerat
360 2748 602 2825 interfectusque
625 2757 691 2808 erat
714 2771 732 2808 a
745 2747 984 2823 Cassiuellauno,
1008 2749 1074 2827 ipse
1098 2749 1171 2826 fuga

114 2850 117 2856 ’
162 2841 291 2893 mortem
319 2834 491 2909 vitaverat),
526 2835 645 2910 legatos
677 2834 715 2894 ad
750 2834 903 2894 Caesarem
936 2836 1061 2894 mittunt
1083 2835 1170 2912 polli-

164 2928 330 2995 centurque
364 2939 432 2979 1111
467 2920 494 2978 11
528 2919 684 2979 dedituros
718 2930 810 2995 atque
838 2921 987 2997 imperata
1016 2918 1168 2991 facturos,

162 3012 279 3081 petunt,
307 3012 342 3063 ut
363 3005 616 3064 Mandubracium
650 3007 687 3064 ab
721 3005 832 3081 injuria
863 3004 1086 3064 Cassiuellauni
1119 3005 1170 3062 de-

164 3088 272 3149 fendat
294 3098 385 3166 atque
407 3090 440 3148 in
462 3090 617 3150 ciuitatem
639 3092 754 3165 mittat,
784 3090 835 3165 qui
862 3090 969 3167 praesit
995 3089 1169 3166 imperium-

68 3249 75 3261 ,
164 3195 224 3250 que
250 3176 399 3234 obtineat.
445 3176 489 3235 Iis
520 3174 624 3234 Caesar
652 3177 782 3253 imperat
810 3175 933 3233 obsides
955 3175 1015 3233 XL
1038 3173 1171 3234 frumen-
1203 3179 1207 3185 '

164 3267 289 3341 tumque
312 3261 458 3320 exercitui
485 3260 797 3335 Mandubraciumque
820 3260 860 3318 ad
890 3280 942 3320 eos
966 3261 1067 3320 mittit.
1120 3262 1171 3320 Illi

165 3346 314 3423 imperata
348 3347 487 3405 celeriter
519 3344 666 3422 fecerunt,
702 3345 824 3431 obsides
859 3346 898 3404 ad
925 3367 1084 3405 numerum
1106 3345 1170 3405 fru-

163 3438 359 3508 mentumque
380 3432 537 3491 miserunt.

251 3517 343 3575 XXI.
389 3517 626 3578 Trinouantibus
650 3514 786 3574 defensis
810 3522 900 3591 atque
929 3517 966 3574 ab
991 3517 1071 3574 omni
1094 3516 1170 3573 mili-

162 3609 230 3659 tum
251 3601 362 3678 injuria
389 3602 549 3680 prohibitis
573 3601 770 3678 Cenimagni,
790 3601 972 3677 Segontiaci,
1002 3600 1170 3673 Ancalites,

164 3686 298 3764 Bibroci,
331 3687 419 3746 Cassi
446 3687 650 3764 legationibus
678 3686 780 3745 missis
810 3706 878 3745 1111
902 3685 1017 3744 Caesari
1046 3684 1169 3743 dedunt.

165 3771 214 3829 Ab
238 3773 276 3831 iis
305 3773 463 3849 cognoscit
495 3793 557 3831 non
586 3773 677 3849 longe
705 3792 742 3830 ex
770 3791 805 3832 11
834 3771 900 3830 1111
929 3769 1074 3848 oppidum
1098 3768 1171 3828 Cas-

164 3856 326 3917 sivellauni
348 3859 457 3917 abesse
481 3857 566 3918 silvis
589 3857 813 3934 paludibusque
834 3855 991 3928 munitum,
1015 3875 1074 3930 quo
1095 3856 1171 3913 satis

164 3962 295 4019 magnus
316 3944 471 4002 hominum
493 3943 677 4019 pecorisqua
698 3961 841 4002 numerus
871 3940 1055 4000 conuenerit.
1108 3939 1170 4018 Op-

967 4038 983 4087 6
