2670 4456
904 196 1322 230 ”W

570 285 690 338 LIBER
708 285 757 339 VI.
1118 299 1175 355 101

171 477 316 538 Treviros
338 479 433 536 mittit
455 478 593 554 duasque
623 479 663 538 ad
687 500 756 538 eum
783 481 919 558 legiones
948 480 1101 558 proficisci
1127 483 1177 559 ju-

170 564 237 638 bet;
269 564 336 641 ipse
364 584 432 622 cum
465 564 636 641 legionibus
671 565 821 642 expeditis
850 567 983 641 quinque
1012 568 1043 625 in
1073 568 1177 628 Mena·

170 649 237 727 pios
260 647 473 727 proficiscitur.
518 649 569 708 Illi
591 650 675 708 nulla
698 658 927 726 0000101101111,
951 652 1010 710 1001
1033 655 1176 730 praesidio

171 733 251 810 11011,
285 735 317 793 in
351 735 447 794 silvas
480 735 669 812 paludesque
703 735 884 813 confugiunt
919 757 1036 813 01100110
1071 739 1177 799 eodem

172 819 341 880 conferunt.

255 905 312 964 VI.
359 905 463 964 Oaesar
486 907 607 983 partitis
631 907 727 984 copiis
751 928 820 965 curn
844 908 880 966 G.
900 908 997 966 Fabio
1023 909 1123 986 legato
1147 921 1178 971 01

171 991 211 1049 M.
237 991 349 1050 Grasso
379 999 533 1066 quaestore
562 992 761 1066 celeriterque
791 992 909 1051 effectis
938 994 1085 1069 pontibus
1114 996 1179 1054 adit·

170 1077 332 1154 tripertit0,
356 1076 484 1135 aedificia
506 1078 652 1152 vicosque
674 1079 825 1149 incendit,
854 1099 964 1154 magno
987 1080 1106 1156 pecoris
1131 1088 1174 1138 at-

171 1181 228 1238 que
261 1162 416 1220 hominum
450 1182 576 1220 numero
610 1163 735 1239 potitur.
799 1163 917 1234 Quibus
951 1165 1044 1222 rebus
1079 1167 1177 1224 coacti

169 1247 304 1325 Menapii
332 1248 450 1324 legatos
473 1248 512 1306 ad
541 1268 609 1306 eum
632 1248 718 1325 pacis
748 1249 888 1325 petendae
921 1270 1014 1308 causa
1041 1250 1176 1309 mittunt.

169 1331 227 1391 Ille
262 1332 420 1391 obsidibus
455 1334 590 1410 acceptis
623 1334 756 1393 hostium
787 1355 820 1392 se
848 1335 1022 1393 habiturum
1050 1356 1176 1395 numero

170 1416 338 1494 confirmat,
368 1418 394 1477 01
429 1426 481 1476 0111
502 1419 711 1494 Ambiorigem
743 1429 795 1478 aut
825 1420 893 1496 ejus
921 1421 1041 1497 legatos
1064 1420 1176 1480 finibus

171 1504 235 1562 suis
257 1504 455 1581 recepissent.
490 1504 548 1562 His
573 1504 759 1563 confirmatis
781 1507 875 1564 rebus
899 1506 1068 1564 Commium
1086 1508 1175 1566 Atre-

168 1590 271 1647 batem
294 1610 362 1648 cum
385 1589 522 1664 equitatu
545 1590 681 1649 custodis
703 1592 770 1649 loco
793 1593 825 1650 in
846 1592 998 1669 Menapiis
1020 1592 1174 1668 relinquit,

169 1674 235 1752 ipse
257 1675 289 1732 in
311 1675 455 1734 Treviros
478 1674 691 1753 proficiscitur.

256 1760 331 1820 VII.
366 1761 448 1818 Dum
470 1762 537 1819 haec
557 1783 575 1820 a
588 1760 710 1819 Caesare
733 1769 889 1837 geruntur,
915 1762 1034 1820 Treviri
1057 1763 1175 1838 magnis

171 1846 285 1904 coactis
311 1846 466 1923 peditatus
494 1847 706 1921 equitatusque
727 1847 822 1923 copiis
840 1847 1011 1905 Labienum
1031 1867 1099 1905 cum
1116 1867 1177 1906 11110

169 1930 302 2007 legione,
332 1951 400 2006 quae
423 1932 455 1989 in
478 1952 581 1990 eorum
609 1931 720 1990 finibus
749 1933 952 2004 hiemaverat,
983 1933 1094 1991 adoriri
1123 1954 1175 2010 pa-

168 2017 287 2090 rabant,
318 2016 445 2093 jamque
479 2019 516 2075 ab
546 2037 581 2076 00
612 2038 672 2077 non
702 2019 823 2095 longius
850 2019 937 2076 bidui
965 2019 1016 2078 via
1039 2020 1175 2092 aberant,

170 2121 262 2176 quum
286 2101 362 2160 duas
387 2102 507 2162 venisse
530 2103 665 2179 legiones
694 2105 790 2162 missu
814 2103 946 2163 Caesaris
976 2112 1174 2180 cognoscunt.

169 2187 282 2245 Positis
306 2187 415 2246 castris
439 2209 456 2245 a
478 2188 601 2246 milibus
623 2208 771 2265 passuum
793 2189 855 2248 XV
878 2188 990 2247 auxilia
1011 2189 1176 2247 Germano-

168 2292 236 2332 rum
267 2280 429 2350 expectare
459 2274 656 2332 constituunt.
713 2274 868 2332 Labienus
898 2275 1032 2331 hostium
1055 2274 1176 2349 cognito

170 2358 305 2432 consilio,
341 2377 468 2435 sperans
499 2359 670 2417 temeritate
702 2378 805 2416 eorum
833 2357 899 2416 fore
930 2359 1062 2432 aliquam
1091 2357 1176 2415 dimi-

169 2443 258 2501 candi
287 2443 491 2517 facultatem,
515 2442 660 2521 praesidio
688 2444 718 2501 V
746 2444 917 2501 cohortium
951 2442 1176 2521 impedimentis

167 2529 274 2587 1011010
297 2549 367 2587 011111
388 2529 483 2587 XXV
506 2529 681 2588 cohortibus
709 2549 879 2605 magnoque
911 2529 1048 2603 equitatu
1071 2535 1177 2586 contra

168 2614 288 2672 hostem
309 2613 513 2692 proficiscitur
537 2623 568 2672 et
588 2615 671 2672 mille
699 2634 846 2691 passuum
874 2614 1047 2673 intermisso
1077 2615 1175 2692 spatio

169 2708 271 2758 castra
305 2701 479 2758 communit.
530 2701 607 2758 Erat
640 2701 719 2758 inter
741 2700 912 2759 Labienum
942 2709 1034 2776 atque
1056 2701 1176 2758 hostem

169 2784 288 2843 difficili
311 2785 443 2843 transitu
471 2784 584 2843 flumen
612 2786 749 2863 ripisque
779 2786 961 2864 praeruptis,
996 2787 1054 2844 hoc
1077 2806 1175 2860 neque

167 2870 233 2947 ipse
256 2871 387 2929 transire
409 2871 543 2929 habebat
564 2872 596 2929 in
619 2872 734 2947 animo,
769 2891 867 2947 neque
896 2873 1001 2929 hostes
1030 2871 1175 2929 transitu-

166 2975 217 3014 ros
250 2956 453 3015 existimabat.
509 2956 691 3032 Augebatur
721 2958 900 3016 auxiliorum
923 2956 1058 3030 quotidie
1093 2975 1174 3032 spes.

168 3040 317 3116 Loquitur
350 3043 382 3099 in
416 3041 541 3100 consilio
565 3043 676 3118 palam,
712 3043 854 3117 quoniam
885 3041 1031 3099 Germani
1065 3061 1174 3117 appro-
1221 3108 1223 3112 7

167 3125 315 3203 pinquare
339 3127 489 3201 dicantur,
525 3146 593 3186 sese
628 3147 700 3186 suas
735 3128 948 3202 exercitusque
981 3125 1122 3184 fortunas
1144 3126 1176 3183 in

168 3210 293 3270 dubium
326 3232 387 3270 non
421 3212 640 3272 devocaturum
670 3220 701 3271 01
734 3221 858 3290 0001010
894 3211 942 3270 die
976 3212 1074 3289 prima
1106 3212 1175 3270 luce

37 3320 52 3373 1
169 3305 271 3356 castra
293 3304 454 3356 moturum.
501 3296 650 3357 Celeriter
683 3299 750 3356 haec
783 3297 822 3356 ad
850 3297 955 3356 hostes
985 3296 1174 3371 deferuntur,

47 3374 88 3457 ³³7²}
166 3388 201 3439 ut
233 3402 279 3440 ex
319 3403 429 3459 magno
469 3383 627 3442 Gallorum
674 3383 809 3458 equitum
848 3403 973 3442 numero
1013 3382 1174 3442 nonnullos

168 3466 295 3526 Gallicis
323 3469 416 3527 rebus
443 3467 549 3528 favere
577 3477 688 3527 natura
717 3469 855 3544 cogebat.
902 3469 1057 3528 Labienus
1079 3475 1173 3526 noctu

63 3538 82 3605 .’-.·
166 3553 296 3612 tribunis
330 3553 460 3612 militum
492 3554 658 3630 primisque
692 3554 849 3613 ordinibus
884 3555 1070 3627 convocatis,
1100 3551 1174 3626 quid

61 3636 79 3713 j'ss'
167 3639 215 3696 sui
249 3641 289 3697 sit
312 3639 444 3714 consilii,
479 3639 622 3716 proponit
650 3646 695 3713 et,
731 3660 790 3714 quo
819 3639 942 3698 facilius
971 3639 1110 3697 hostibus
1134 3637 1171 3694 ti-

67 3730 77 3805 5'
165 3724 259 3782 moris
294 3724 346 3782 det
386 3724 605 3800 suspicionem,
645 3724 762 3800 majore
801 3725 934 3802 strepitu
966 3729 997 3781 01
1030 3722 1171 3794 tumultu,

57 3808 71 3837 '³
168 3828 260 3883 quam
293 3809 398 3888 populi
425 3809 557 3868 Romani
591 3809 651 3868 fert
684 3810 889 3883 consuetudo,
925 3814 1026 3867 castra
1059 3806 1174 3866 moveri

62 3892 67 3953 ,ἶ
163 3892 260 3970 jubet.
312 3895 371 3953 His
404 3895 498 3953 rebus
528 3893 611 3971 fugae
646 3895 774 3954 similem
806 3893 1027 3971 profectionem
1061 3890 1173 3951 effecit.
