2670 4456
592 271 713 325 116111
735 272 757 326 1.
1149 280 1190 338 27

162 486 230 541 quae
263 467 295 525 in
327 467 469 544 proelium
501 466 731 543 proficiscentes
769 468 871 546 passis
910 469 1049 528 manibus
1081 466 1190 527 flentes

161 554 373 631 implorabant,
397 573 435 613 ne
459 571 493 611 se
515 552 547 611 in
570 554 748 614 servitutem
770 555 917 613 Romanis
939 554 1103 614 traderent.

246 639 319 699 LII.
383 638 487 698 Caesar
527 639 655 717 singulis
694 640 864 716 legionibus
903 640 1039 718 singulos
1072 640 1191 716 legatos

163 735 194 786 et
230 732 413 801 quaestorem
453 724 602 802 praefecit,
649 725 692 783 uti
731 745 783 785 eos
822 733 918 786 testes
958 747 1021 786 suae
1064 726 1192 803 quisque

163 812 283 874 virtutis
317 811 459 886 haberet,
494 810 560 889 ipse
595 832 613 870 6
646 811 752 870 (1611116
781 832 884 886 cornu,
920 813 1001 887 quod
1029 833 1096 871 eam
1123 832 1191 889 par·

162 907 223 958 tem
254 898 375 957 minime
408 896 524 957 firmam
557 898 689 957 hostium
718 917 786 957 esse
815 897 1078 974 animadverterat,
1112 917 1192 975 proe-

161 985 234 1044 lium
262 983 419 1043 commisit.
476 983 527 1043 Ita
554 984 651 1043 nostri
680 984 791 1042 acriter
818 985 850 1042 in
876 983 981 1043 hostes
1010 984 1097 1061 signo
1121 983 1192 1041 dato

162 1070 307 1149 impetum
345 1068 498 1145 fecerunt,
543 1071 645 1146 itaque
684 1071 789 1129 hostes
829 1077 953 1148 repente
995 1069 1192 1144 celeriterque

162 1162 387 1235 procurrerunt,
422 1162 456 1213 ut
485 1157 617 1233 spatium
644 1156 707 1234 pila
733 1156 765 1214 in
794 1157 899 1215 hostes
929 1154 1111 1232 conjiciendi
1132 1175 1194 1213 non

164 1242 296 1301 daretur.
352 1240 490 1318 Rejectis
520 1243 590 1320 pilis
619 1242 785 1301 comminus
807 1241 918 1319 gladiis
940 1247 1109 1320 pugnatum
1131 1247 1192 1314 est;

164 1337 196 1388 at
233 1327 377 1387 Germani
421 1328 560 1387 celeriter
604 1349 641 1387 ex
685 1327 904 1388 consuetudine
949 1348 1004 1387 sua
1042 1327 1194 1405 phalange

164 1413 248 1473 facta
268 1414 400 1491 impetus
425 1413 593 1491 gladiorum
617 1420 810 1492 exceperunt.
861 1414 988 1492 Reperti
1016 1420 1087 1472 sunt
1114 1433 1193 1471 com-

165 1501 269 1578 plures
309 1499 406 1558 nostri
444 1500 571 1575 militen,
612 1501 662 1575 qui
701 1501 733 1558 in
772 1500 941 1577 phalangas
979 1500 1131 1558 insilirent
1165 1504 1196 1557 61

165 1593 252 1645 661116
273 1585 413 1644 manibus
437 1586 621 1645 revellerent
643 1593 674 1645 et
696 1586 829 1663 desuper
850 1586 1053 1645 vulnerarent.
1095 1584 1195 1655 Quum

164 1671 295 1730 hostium
329 1671 411 1730 acies
445 1692 463 1729 6
497 1671 620 1730 sinistro
655 1692 747 1730 cornu
781 1671 870 1748 pulsa
904 1678 994 1746 atque
1027 1671 1059 1728 in
1091 1669 1195 1746 fugam

165 1777 312 1817 conversa
346 1764 437 1832 esset,
473 1778 490 1815 a
524 1757 630 1816 dextro
661 1777 755 1815 cornu
782 1757 977 1817 vehementer
1004 1755 1196 1814 multitudine

165 1863 287 1903 suorum
319 1849 455 1902 nestram
490 1843 585 1902 aciem
618 1844 805 1920 premebant.
861 1842 900 1901 Id
934 1862 1026 1917 quum
1061 1840 1195 1901 animad-

164 1930 308 1990 vertisset
340 1929 374 1987 P.
400 1928 530 1988 Crassus
565 1929 753 2004 adolescens,
788 1928 839 2003 qui
874 1929 1021 2004 equitatui
1053 1934 1194 2006 praeerat,

165 2015 245 2091 quod
278 2015 447 2093 expeditior
480 2022 554 2091 erat,
590 2035 680 2090 quam
712 2016 742 2087 ii,
778 2016 829 2090 qui
862 2016 941 2074 inter
970 2016 1065 2075 aciem
1093 2033 1196 2075 versa-

164 2102 284 2177 bantur,
313 2101 435 2160 tertiam
458 2101 554 2160 aciem
575 2101 784 2160 laborantibus
807 2102 921 2160 nostris
944 2100 1080 2160 subsidio
1102 2099 1193 2158 misit.
1309 2172 1312 2177 .

249 2187 340 2246 LIII.
402 2189 452 2246 Ita
490 2187 631 2264 proelium
668 2188 843 2246 restitutum
882 2196 929 2246 est
962 2193 1053 2262 atque
1092 2204 1195 2244 omnes

164 2273 268 2332 hostes
301 2281 389 2351 terga
421 2279 588 2348 verterunt,
622 2293 721 2348 neque
754 2273 839 2351 prius
867 2272 973 2349 fugere
1004 2271 1195 2345 destiterimt,

167 2379 258 2436 quam
291 2359 331 2417 ad
363 2357 475 2418 flumen
512 2358 653 2416 Rhenum
690 2357 773 2417 milia
810 2378 955 2436 passuum
989 2377 1026 2416 ex
1060 2377 1095 2415 eo
1128 2356 1195 2414 loco

167 2445 287 2504 circiter
325 2445 456 2520 quinque
498 2450 711 2521 pervenerunt.
774 2444 824 2502 Ibi
863 2442 1008 2521 perpauci
1041 2447 1093 2500 aut
1125 2441 1195 2500 viri·

166 2532 224 2589 bus
263 2529 370 2590 confisi
410 2538 533 2589 tranare
574 2528 794 2588 contenderimt
834 2535 886 2588 aut
917 2528 1059 2588 lintribus
1092 2528 1196 2588 inven-

166 2617 207 2674 tis
240 2616 300 2675 sibi
333 2617 463 2675 salutem
501 2621 689 2693 repererunt.
756 2615 795 2674 In
834 2615 882 2674 his
922 2614 980 2674 fuit
1011 2613 1196 2688 Ariovistus,

168 2702 219 2778 qui
249 2702 421 2763 naviculam
455 2702 620 2778 deligatam
653 2701 691 2760 ad
717 2700 816 2779 ripam
843 2707 952 2760 nactus
981 2721 1017 2760 66
1044 2698 1195 2778 profugit;

166 2788 299 2863 reliquos
333 2808 437 2848 omnes
478 2788 614 2863 equitatu
648 2788 804 2846 consecuti
837 2788 935 2847 nostri
967 2785 1195 2845 interfecerunt.

166 2873 244 2933 Duae
266 2873 390 2933 fuerunt
411 2874 560 2934 Ariovisti
587 2893 708 2948 11116166,
738 2894 800 2932 11116
822 2873 923 2933 Sveva
945 2873 1076 2947 natione,
1108 2891 1199 2946 quam

168 2959 255 3020 domo
290 2979 394 3019 secum
428 2960 572 3035 duxerat,
618 2960 714 3018 611616
752 2960 880 3034 Norica,
921 2958 1004 3035 regis
1037 2956 1197 3017 Voctionis

168 3064 263 3122 soror,
293 3066 382 3122 quam
404 3045 436 3104 in
459 3045 559 3104 Gallia
582 3045 711 3103 duxerat
734 3065 751 3103 a
772 3044 869 3105 fratre
890 3045 1032 3118 missam,
1055 3049 1198 3116 utrmque

167 3131 199 3189 in
221 3152 257 3191 66
278 3131 352 3208 fuga
378 3131 542 3209 perierunt.
599 3131 677 3189 Duae
705 3129 774 3189 filiae
803 3131 924 3202 harum,
961 3130 1058 3188 altera
1087 3128 1197 3203 occisa,

169 3217 263 3276 altera
297 3225 387 3295 capta
426 3224 481 3276 661.
546 3216 582 3275 G.
613 3216 754 3275 Valerius
787 3216 938 3275 Procillus
973 3236 1064 3291 quum
1097 3234 1115 3272 a
1148 3233 1198 3272 cu-

169 3302 307 3362 stodibus
339 3304 371 3361 in
403 3303 477 3379 fuga
510 3302 597 3361 trinis
632 3303 746 3361 catenis
780 3302 901 3361 vinctus
942 3301 1129 3375 traheretur,
1167 3299 1200 3358 in

169 3389 269 3466 ipsum
303 3388 455 3448 Gaesarem
494 3389 599 3447 hostes
640 3388 776 3463 equitatu
815 3394 1049 3465 persequentem
1082 3385 1198 3445 incidit.

170 3473 244 3545 Quae
273 3475 393 3551 quidem
421 3494 470 3533 res
503 3473 617 3557 (1666611
644 3494 705 3532 non
732 3473 888 3550 minorem,
923 3495 1013 3550 quam
1041 3474 1109 3551 ipsa
1135 3472 1198 3531 vic-

168 3560 255 3636 toria,
288 3561 476 3639 voluptatem
505 3559 621 3634 attulit,
657 3559 738 3635 quod
770 3560 922 3619 hominem
953 3557 1200 3619 honestissimum

169 3646 334 3724 provinciae
369 3646 488 3721 Galliae,
523 3665 611 3704 suum
644 3644 823 3705 familiarem
857 3652 887 3705 61
919 3645 1079 3723 hospitem,
1115 3663 1199 3721 erep-

169 3740 233 3790 tum
267 3752 283 3791 6
316 3732 456 3791 manibus
484 3731 616 3790 hostium
645 3731 704 3790 sibi
731 3732 906 3790 restitutum
933 3731 1066 3805 videbat,
1101 3749 1200 3805 neque

170 3817 236 3895 ejus
265 3818 436 3877 calamitate
465 3817 502 3876 de
530 3823 616 3875 tanta
642 3817 799 3895 voluptate
829 3824 859 3876 et
887 3815 1089 3894 gratulatione
1117 3816 1200 3891 quic-

171 3923 260 3978 quam
292 3903 414 3963 fortuna
448 3903 645 3962 deminuerat.
700 3904 734 3961 Is
769 3923 802 3962 66
835 3908 987 3980 praesente
1021 3901 1059 3960 de
1087 3920 1120 3960 66
1154 3909 1201 3960 161

170 3989 303 4049 6611111116
326 3989 497 4049 consultum
520 3988 649 4064 dicebat,
683 3995 784 4047 utrum
811 3987 875 4065 igni
902 3987 1005 4046 statim
1046 3993 1200 4062 esaretur,
