2670 4456
594 282 754 336 LIBERI.
1149 291 1189 347 25
1211 330 1214 335 ,

162 483 271 534 iterum
311 477 459 551 colloquio
499 476 578 536 diem
618 477 817 537 constitueret
850 484 916 552 aut,
956 477 983 535 si
1020 477 1053 536 id
1091 477 1190 536 minus

163 563 264 637 vellet,
300 584 317 622 e
347 564 410 621 suis
440 560 568 639 [legatis]
597 562 727 637 aliquem
757 564 797 622 ad
830 583 863 622 se
896 563 1039 622 mitteret.
1092 563 1189 622 Collo-

164 648 274 723 quendi
309 648 423 707 Caesari
457 669 550 708 causa
582 649 649 708 visa
681 669 742 707 non
770 655 818 708 est
846 656 878 708 et
905 670 940 708 eo
969 649 1075 726 magis,
1111 649 1192 725 quod

162 734 259 811 pridie
293 734 360 810 ejus
395 735 454 793 diei
488 734 632 793 Germani
664 735 789 793 retineri
820 755 881 793 non
913 742 1085 813 potuerant,
1120 735 1192 810 quin

163 821 193 878 in
214 827 337 879 nostros
359 821 421 880 tela
444 820 639 896 conjicerent.
691 821 841 897 Legatum
864 841 880 879 e
904 821 967 879 suis
991 841 1059 881 sese
1081 841 1190 898 magno

164 925 231 964 cum
258 907 392 983 periculo
422 907 460 965 ad
488 927 556 965 eum
583 907 745 964 missurum
773 914 804 965 et
831 907 1002 965 hominibus
1036 907 1111 966 feris
1140 909 1192 966 ob-

160 991 313 1068 jecturum
347 993 547 1051 existimabat.
613 991 895 1051 Commodissimum
932 993 1032 1052 visum
1072 1001 1120 1051 est
1154 993 1191 1052 G.
1278 1036 1281 1041 -

163 1078 318 1137 Valerium
355 1079 528 1153 Procillmn,
569 1079 605 1137 G.
640 1079 744 1138 Valeri
783 1078 895 1137 Caburi
932 1076 1035 1154 filium,
1077 1088 1219 1137 summa'

163 1164 275 1223 virtute
309 1171 339 1224 et
371 1165 558 1223 humanitate
592 1164 815 1223 adolescentem
849 1164 949 1241 (cujus
987 1172 1074 1242 pater
1108 1185 1125 1222 a
1154 1163 1191 1223 d.

164 1249 285 1308 Valerio
314 1250 426 1309 Flacco
456 1251 579 1310 civitate
609 1250 738 1309 donatus
766 1250 853 1325 erat),
889 1259 919 1310 et
951 1258 1075 1328 propter
1102 1249 1194 1309 fidem

164 1342 194 1393 et
226 1342 351 1413 propter
383 1337 494 1413 linguae
530 1336 657 1395 Callicae
692 1337 863 1412 scientiam,
906 1357 966 1411 qua
1005 1337 1100 1394 multa
1129 1336 1194 1412 jam

164 1421 338 1482 Ariovistus
378 1422 543 1499 longinqua
583 1422 801 1482 consuetudine
841 1424 998 1497 utebatur,
1044 1430 1075 1481 et
1113 1421 1194 1497 quod

164 1507 194 1565 in
228 1527 263 1566 eo
296 1508 445 1586 peccandi
480 1508 639 1567 Germanis
680 1528 772 1567 causa
811 1529 872 1567 non
906 1515 1002 1583 esset,
1049 1508 1087 1566 ad
1127 1528 1195 1567 eum

163 1593 284 1652 mittere
318 1600 349 1653 et
376 1594 417 1651 M.
441 1595 577 1670 Matium,
612 1594 667 1675 qui¹
696 1595 828 1672 hospitio
861 1595 1009 1654 Ariovisti
1041 1595 1193 1652 utebatur.

164 1679 221 1737 His
249 1679 414 1755 mandavit,
449 1688 492 1755 ut,
528 1701 594 1756 quae
625 1680 741 1738 diceret
762 1681 945 1752 Ariovistus,
975 1685 1195 1756 cognoscerent

166 1771 196 1824 et
228 1765 267 1823 ad
301 1785 334 1825 se
366 1765 524 1825 referrent.
589 1766 672 1837 Quos
712 1786 803 1840 quum
837 1766 919 1843 apud
952 1785 985 1824 se
1018 1765 1049 1823 in
1084 1765 1193 1823 castris

164 1850 338 1910 Ariovistus
384 1853 604 1929 conspexisset,
650 1852 785 1910 exercitu
829 1872 883 1911 suo
928 1858 1080 1929 praesente
1125 1870 1195 1909 con-

166 1936 323 1997 clamavit:
360 1938 440 2009 Quid
473 1937 512 1996 ad
546 1958 579 1997 se
612 1938 771 1998 venirent?
807 1958 845 1996 an
875 1937 1053 2015 speculandi
1083 1936 1195 1996 causa?

166 2021 321 2082 Conantes
344 2024 445 2083 dicere
467 2025 623 2101 prohibuit
646 2032 677 2083 et
699 2024 730 2082 in
753 2031 876 2084 catenas
901 2022 1040 2100 conjecit.

251 2109 404 2169 XLVIII.
460 2109 578 2168 Eodem
612 2110 661 2169 die
696 2118 797 2169 castra
828 2110 981 2188 promovit
1014 2116 1044 2168 et
1076 2108 1198 2166 milibus

165 2214 311 2272 passuum
350 2215 404 2255 sex
438 2217 456 2254 a
492 2195 623 2255 Caesaris
669 2196 777 2255 castris
817 2197 874 2255 sub
913 2203 1015 2253 monte
1050 2193 1195 2254 consedit.

166 2280 317 2340 Postridie
351 2281 418 2358 ejus
452 2281 511 2340 diei
544 2289 657 2359 praeter
691 2289 792 2340 castra
822 2281 952 2339 Caesaris
987 2299 1058 2338 suas
1093 2279 1196 2356 copias
1293 2354 1294 2359 ἵ

166 2365 303 2425 traduxit
336 2374 366 2427 et
397 2367 520 2426 milibus
554 2387 700 2445 passuum
733 2367 852 2426 duobus
885 2366 965 2424 ultra
999 2385 1067 2424 eum
1097 2371 1198 2423 castra

167 2449 239 2510 fecit
273 2472 307 2510 eo
343 2454 485 2528 oonsilio,
526 2454 571 2511 uti
603 2452 755 2511 frumento
795 2459 1036 2527 commeatuque,
1077 2450 1128 2526 qui
1161 2470 1199 2508 ex

168 2534 316 2613 Sequanis
355 2547 386 2598 et
418 2537 546 2597 Haeduis
587 2544 827 2617 supportaretur,
870 2537 1022 2596 Caesarem
1054 2536 1197 2595 interclu-

168 2623 262 2682 deret.
318 2625 367 2683 Ex
400 2645 435 2684 eo
470 2624 518 2683 die
552 2624 618 2683 dies
653 2625 811 2684 continuos
845 2623 977 2699 quinque
1006 2622 1110 2682 Caesar
1143 2642 1198 2700 pro

168 2710 277 2768 castris
306 2729 377 2770 suas
407 2711 512 2789 copias
542 2711 687 2789 produxit
709 2718 740 2770 et
762 2710 858 2768 aciem
879 2710 1059 2768 instructam
1081 2708 1196 2783 habuit,

167 2801 214 2869 ut,
250 2796 277 2854 si
309 2797 402 2856 vellet
429 2797 604 2857 Ariovistus
632 2797 738 2875 proelio
773 2795 965 2870 contendere,
1001 2795 1029 2854 ei
1061 2800 1199 2872 potestas
1259 2846 1261 2851 .

166 2900 227 2938 nou
259 2880 389 2941 deesset.
445 2883 619 2943 Ariovistus
647 2883 694 2941 his
726 2883 864 2941 omnibus
892 2881 1000 2940 diebus
1035 2880 1200 2939 exercitum

168 2967 277 3026 castris
323 2969 479 3044 continuit,
525 2969 660 3044 equestri
691 2962 810 3047 'proelio
856 2966 989 3043 quotidie
1034 2965 1198 3025 contendit.

169 3051 273 3112 Genus
306 3055 364 3114 hoc
398 3060 464 3114 erat
496 3075 617 3132 pugnae,
653 3076 711 3131 quo
745 3074 778 3113 se
814 3052 957 3112 Germani
991 3057 1197 3110 exercuerant.

168 3138 313 3213 Equitum
341 3140 425 3199 milia
453 3147 539 3199 erant
569 3161 639 3216 sex,
673 3141 800 3200 totidem
821 3158 946 3197 numero
974 3137 1093 3215 pedites
1115 3137 1197 3196 velo-

169 3223 282 3283 cissimi
316 3246 351 3285 ac
385 3225 551 3301 fortissimi,
587 3245 662 3301 quos
697 3246 734 3285 ex
767 3225 848 3284 omni
881 3224 969 3301 copia
999 3222 1110 3300 singuli
1139 3223 1199 3280 sin-

168 3311 255 3386 gulos
290 3332 353 3371 suae
388 3313 496 3370 salutis
531 3332 624 3372 causa
658 3311 848 3388 delegerant:
884 3331 953 3370 cum
983 3309 1031 3368 his
1060 3309 1092 3367 in
1120 3328 1200 3386 proe-

168 3395 217 3454 liis
250 3399 462 3473 versabantur,
497 3398 536 3457 ad
570 3418 622 3457 eos
652 3418 685 3457 se
716 3398 832 3473 equites
862 3396 1063 3474 recipiebant;
1098 3395 1138 3469 hi,
1175 3393 1201 3452 si

169 3482 242 3555 quid
276 3490 341 3543 erat
374 3484 488 3558 dumne,
532 3485 766 3558 concurrebant;
808 3483 835 3541 si
869 3483 920 3558 qui
957 3481 1098 3558 graviore
1134 3479 1200 3539 vul-

168 3587 241 3627 nere
275 3577 400 3647 accepto
435 3589 511 3646 equo
546 3569 717 3645 deciderat,
759 3569 1038 3641 circumsistebant3
1080 3565 1107 3623 si
1140 3584 1199 3638 quo
1231 3576 1234 3581 ’

171 3661 237 3712 erat
264 3656 383 3733 longius
405 3655 615 3732 prodeundum
644 3662 696 3715 aut
719 3655 848 3714 celerius
870 3652 1086 3730 recipiendum,
1115 3657 1201 3709 tanta

170 3747 236 3798 erat
266 3741 374 3801 horum
407 3741 624 3801 exercitatione
665 3742 819 3816 celeritas,
859 3747 893 3798 ut
928 3738 1013 3816 jubis
1058 3756 1202 3812 equorum

170 3826 322 3888 sublevati
346 3848 468 3887 cursum
491 3827 696 3902 adaequarent.

254 3914 374 3974 XLIX.
419 3913 481 3972 Ubi
505 3933 573 3972 eum
596 3914 705 3972 castris
729 3933 762 3972 se
785 3919 890 3971 tenere
914 3909 1018 3968 Caesar
1040 3909 1199 3984 intellexit,

169 4017 208 4056 ne
247 3999 359 4059 diutius
402 4006 570 4058 commeatu
601 3999 829 4077 prohiberetur,
871 3997 951 4054 ultra
991 4016 1059 4055 eum
1091 3995 1199 4070 locum,
