<?xml version="1.0" encoding="UTF-8"?>
<!DOCTYPE html PUBLIC "-//W3C//DTD XHTML 1.0 Transitional//EN"
    "http://www.w3.org/TR/xhtml1/DTD/xhtml1-transitional.dtd">
<html xmlns="http://www.w3.org/1999/xhtml" xml:lang="en" lang="en">
 <head>
  <title>
</title>
<meta http-equiv="Content-Type" content="text/html;charset=utf-8" />
  <meta name='ocr-system' content='tesseract 3.04.00' />
  <meta name='ocr-capabilities' content='ocr_page ocr_carea ocr_par ocr_line ocrx_word'/>
</head>
<body>
  <div class='ocr_page' id='page_1' title='image "./debellogallico00caesgoog_0149.png"; bbox 0 0 2670 4456; ppageno 0'>
   <div class='ocr_carea' id='block_1_1' title="bbox 174 238 893 333">
    <p class='ocr_par' dir='ltr' id='par_1_1' title="bbox 174 238 893 333">
     <span class='ocr_line' id='line_1_1' title="bbox 174 238 893 333; baseline -0.001 -14"><span class='ocrx_word' id='word_1_1' title='bbox 174 238 245 333; x_wconf 81' lang='lat'><strong>‘140</strong></span> <span class='ocrx_word' id='word_1_2' title='bbox 497 266 550 319; x_wconf 87' lang='lat' dir='ltr'>nn</span> <span class='ocrx_word' id='word_1_3' title='bbox 568 264 695 319; x_wconf 77' lang='lat' dir='ltr'>annno</span> <span class='ocrx_word' id='word_1_4' title='bbox 714 264 893 319; x_wconf 77' lang='grc'><strong>0111100.</strong></span> 
     </span>
    </p>
   </div>
   <div class='ocr_carea' id='block_1_2' title="bbox 157 458 1189 2248">
    <p class='ocr_par' dir='ltr' id='par_1_2' title="bbox 157 458 1189 1716">
     <span class='ocr_line' id='line_1_2' title="bbox 182 458 1186 538; baseline -0.005 -17"><span class='ocrx_word' id='word_1_5' title='bbox 182 481 240 538; x_wconf 88' lang='grc'><strong>(1110</strong></span> <span class='ocrx_word' id='word_1_6' title='bbox 263 481 324 520; x_wconf 92' lang='lat' dir='ltr'>una</span> <span class='ocrx_word' id='word_1_7' title='bbox 345 480 465 520; x_wconf 91' lang='lat' dir='ltr'>murum</span> <span class='ocrx_word' id='word_1_8' title='bbox 494 459 710 533; x_wconf 78' lang='lat' dir='ltr'>ascenderant,</span> <span class='ocrx_word' id='word_1_9' title='bbox 740 459 938 519; x_wconf 88' lang='lat' dir='ltr'>circumventi</span> <span class='ocrx_word' id='word_1_10' title='bbox 969 466 1060 534; x_wconf 88' lang='lat' dir='ltr'>atque</span> <span class='ocrx_word' id='word_1_11' title='bbox 1090 458 1186 517; x_wconf 88' lang='lat' dir='ltr'>inter·</span> 
     </span>
     <span class='ocr_line' id='line_1_3' title="bbox 181 543 1187 624; baseline -0.004 -18"><span class='ocrx_word' id='word_1_12' title='bbox 181 547 256 607; x_wconf 88' lang='lat' dir='ltr'>fecti</span> <span class='ocrx_word' id='word_1_13' title='bbox 278 547 316 605; x_wconf 93' lang='lat' dir='ltr'>de</span> <span class='ocrx_word' id='word_1_14' title='bbox 341 567 427 605; x_wconf 89' lang='lat' dir='ltr'>muro</span> <span class='ocrx_word' id='word_1_15' title='bbox 460 545 742 624; x_wconf 72' lang='lat' dir='ltr'>praecipitabantur.</span> <span class='ocrx_word' id='word_1_16' title='bbox 788 545 830 602; x_wconf 93' lang='lat' dir='ltr'>M.</span> <span class='ocrx_word' id='word_1_17' title='bbox 854 545 1016 604; x_wconf 80' lang='lat' dir='ltr'><strong>Petronius</strong></span> <span class='ocrx_word' id='word_1_18' title='bbox 1046 543 1187 621; x_wconf 83' lang='lat' dir='ltr'>ejusdem</span> 
     </span>
     <span class='ocr_line' id='line_1_4' title="bbox 181 629 1185 709; baseline -0.002 -19"><span class='ocrx_word' id='word_1_19' title='bbox 181 633 309 709; x_wconf 83' lang='lat' dir='ltr'>legionis</span> <span class='ocrx_word' id='word_1_20' title='bbox 333 632 484 705; x_wconf 86' lang='lat' dir='ltr'>centurio,</span> <span class='ocrx_word' id='word_1_21' title='bbox 515 651 607 707; x_wconf 91' lang='lat' dir='ltr'>quum</span> <span class='ocrx_word' id='word_1_22' title='bbox 636 637 740 708; x_wconf 88' lang='lat' dir='ltr'>portas</span> <span class='ocrx_word' id='word_1_23' title='bbox 769 629 909 690; x_wconf 83' lang='lat' dir='ltr'>excidere</span> <span class='ocrx_word' id='word_1_24' title='bbox 939 636 1066 689; x_wconf 89' lang='lat' dir='ltr'>conatus</span> <span class='ocrx_word' id='word_1_25' title='bbox 1090 638 1185 706; x_wconf 89' lang='lat' dir='ltr'>esset,</span> 
     </span>
     <span class='ocr_line' id='line_1_5' title="bbox 157 714 1187 795; baseline -0.001 -19"><span class='ocrx_word' id='word_1_26' title='bbox 157 735 160 739; x_wconf 73' lang='grc'>’</span> <span class='ocrx_word' id='word_1_27' title='bbox 182 739 200 776; x_wconf 93' lang='grc'>0</span> <span class='ocrx_word' id='word_1_28' title='bbox 222 717 416 776; x_wconf 88' lang='lat' dir='ltr'>multitudine</span> <span class='ocrx_word' id='word_1_29' title='bbox 438 736 605 795; x_wconf 89' lang='lat' dir='ltr'>oppressus</span> <span class='ocrx_word' id='word_1_30' title='bbox 623 736 659 774; x_wconf 92' lang='lat' dir='ltr'>ac</span> <span class='ocrx_word' id='word_1_31' title='bbox 679 715 737 774; x_wconf 91' lang='lat' dir='ltr'>sibi</span> <span class='ocrx_word' id='word_1_32' title='bbox 750 715 918 794; x_wconf 86' lang='lat' dir='ltr'>desperans</span> <span class='ocrx_word' id='word_1_33' title='bbox 929 715 1033 774; x_wconf 88' lang='lat' dir='ltr'>multis</span> <span class='ocrx_word' id='word_1_34' title='bbox 1041 714 1108 792; x_wconf 85' lang='lat' dir='ltr'>jam</span> <span class='ocrx_word' id='word_1_35' title='bbox 1119 715 1187 775; x_wconf 88' lang='lat' dir='ltr'>vul-</span> 
     </span>
     <span class='ocr_line' id='line_1_6' title="bbox 181 800 1188 880; baseline -0.002 -18"><span class='ocrx_word' id='word_1_36' title='bbox 181 803 306 863; x_wconf 82' lang='lat' dir='ltr'>neribus</span> <span class='ocrx_word' id='word_1_37' title='bbox 340 803 485 880; x_wconf 87' lang='lat' dir='ltr'>acceptis,</span> <span class='ocrx_word' id='word_1_38' title='bbox 519 802 762 879; x_wconf 83' lang='lat' dir='ltr'>manipularibus</span> <span class='ocrx_word' id='word_1_39' title='bbox 796 801 870 875; x_wconf 89' lang='lat' dir='ltr'>suis,</span> <span class='ocrx_word' id='word_1_40' title='bbox 906 801 958 876; x_wconf 90' lang='lat' dir='ltr'>qui</span> <span class='ocrx_word' id='word_1_41' title='bbox 979 800 1064 859; x_wconf 86' lang='lat' dir='ltr'>illum</span> <span class='ocrx_word' id='word_1_42' title='bbox 1087 800 1188 860; x_wconf 89' lang='lat' dir='ltr'>secuti</span> 
     </span>
     <span class='ocr_line' id='line_1_7' title="bbox 182 887 1188 964; baseline -0.002 -17"><span class='ocrx_word' id='word_1_43' title='bbox 182 895 283 947; x_wconf 89' lang='lat' dir='ltr'>erant:</span> <span class='ocrx_word' id='word_1_44' title='bbox 308 889 467 964; x_wconf 78' lang='lat' dir='ltr'>Quoniam,</span> <span class='ocrx_word' id='word_1_45' title='bbox 491 888 598 964; x_wconf 90' lang='lat' dir='ltr'>inquit,</span> <span class='ocrx_word' id='word_1_46' title='bbox 622 906 670 945; x_wconf 89' lang='lat' dir='ltr'>me</span> <span class='ocrx_word' id='word_1_47' title='bbox 693 907 754 945; x_wconf 86' lang='lat' dir='ltr'>una</span> <span class='ocrx_word' id='word_1_48' title='bbox 782 887 942 946; x_wconf 88' lang='lat' dir='ltr'>vobiscum</span> <span class='ocrx_word' id='word_1_49' title='bbox 970 905 1096 947; x_wconf 85' lang='lat' dir='ltr'>servare</span> <span class='ocrx_word' id='word_1_50' title='bbox 1124 907 1188 946; x_wconf 92' lang='lat' dir='ltr'>non</span> 
     </span>
     <span class='ocr_line' id='line_1_8' title="bbox 181 972 1187 1052; baseline -0.003 -19"><span class='ocrx_word' id='word_1_51' title='bbox 181 993 315 1052; x_wconf 89' lang='lat' dir='ltr'>possum,</span> <span class='ocrx_word' id='word_1_52' title='bbox 340 982 451 1034; x_wconf 83' lang='lat' dir='ltr'>vestrae</span> <span class='ocrx_word' id='word_1_53' title='bbox 476 972 599 1049; x_wconf 83' lang='lat' dir='ltr'>quidem</span> <span class='ocrx_word' id='word_1_54' title='bbox 622 979 705 1031; x_wconf 88' lang='lat' dir='ltr'>certe</span> <span class='ocrx_word' id='word_1_55' title='bbox 728 973 800 1032; x_wconf 82' lang='lat' dir='ltr'>vitae</span> <span class='ocrx_word' id='word_1_56' title='bbox 823 972 1018 1050; x_wconf 80' lang='lat' dir='ltr'>prospiciam,</span> <span class='ocrx_word' id='word_1_57' title='bbox 1043 991 1120 1048; x_wconf 90' lang='lat' dir='ltr'>quos</span> <span class='ocrx_word' id='word_1_58' title='bbox 1134 991 1187 1031; x_wconf 89' lang='lat' dir='ltr'>cu·</span> 
     </span>
     <span class='ocr_line' id='line_1_9' title="bbox 181 1056 1188 1138; baseline -0.003 -20"><span class='ocrx_word' id='word_1_59' title='bbox 181 1060 309 1138; x_wconf 90' lang='lat' dir='ltr'>piditate</span> <span class='ocrx_word' id='word_1_60' title='bbox 342 1060 447 1136; x_wconf 86' lang='lat' dir='ltr'>gloriae</span> <span class='ocrx_word' id='word_1_61' title='bbox 482 1058 633 1118; x_wconf 89' lang='lat' dir='ltr'>adductus</span> <span class='ocrx_word' id='word_1_62' title='bbox 667 1059 699 1116; x_wconf 89' lang='lat' dir='ltr'>in</span> <span class='ocrx_word' id='word_1_63' title='bbox 733 1057 901 1135; x_wconf 89' lang='lat' dir='ltr'>periculum</span> <span class='ocrx_word' id='word_1_64' title='bbox 940 1057 1062 1116; x_wconf 89' lang='lat' dir='ltr'>deduxi.</span> <span class='ocrx_word' id='word_1_65' title='bbox 1120 1056 1188 1116; x_wconf 93' lang='lat' dir='ltr'>Vos</span> 
     </span>
     <span class='ocr_line' id='line_1_10' title="bbox 182 1142 1187 1204; baseline -0.003 0"><span class='ocrx_word' id='word_1_66' title='bbox 182 1145 254 1204; x_wconf 85' lang='lat' dir='ltr'>data</span> <span class='ocrx_word' id='word_1_67' title='bbox 275 1145 423 1204; x_wconf 79' lang='lat' dir='ltr'>facultate</span> <span class='ocrx_word' id='word_1_68' title='bbox 445 1145 534 1204; x_wconf 89' lang='lat' dir='ltr'>vobis</span> <span class='ocrx_word' id='word_1_69' title='bbox 557 1144 714 1202; x_wconf 89' lang='lat' dir='ltr'>consulite.</span> <span class='ocrx_word' id='word_1_70' title='bbox 761 1142 856 1201; x_wconf 81' lang='lat' dir='ltr'>Simul</span> <span class='ocrx_word' id='word_1_71' title='bbox 878 1143 910 1202; x_wconf 91' lang='lat' dir='ltr'>in</span> <span class='ocrx_word' id='word_1_72' title='bbox 931 1142 1049 1202; x_wconf 89' lang='lat' dir='ltr'>medios</span> <span class='ocrx_word' id='word_1_73' title='bbox 1078 1144 1187 1202; x_wconf 84' lang='lat' dir='ltr'>hostes</span> 
     </span>
     <span class='ocr_line' id='line_1_11' title="bbox 180 1228 1188 1309; baseline -0.003 -20"><span class='ocrx_word' id='word_1_74' title='bbox 180 1231 291 1309; x_wconf 88' lang='lat' dir='ltr'>irrupit</span> <span class='ocrx_word' id='word_1_75' title='bbox 324 1230 503 1305; x_wconf 88' lang='lat' dir='ltr'>duobusque</span> <span class='ocrx_word' id='word_1_76' title='bbox 537 1228 708 1288; x_wconf 80' lang='lat' dir='ltr'>interfectis</span> <span class='ocrx_word' id='word_1_77' title='bbox 736 1229 872 1304; x_wconf 88' lang='lat' dir='ltr'>reliquos</span> <span class='ocrx_word' id='word_1_78' title='bbox 901 1249 919 1288; x_wconf 89' lang='lat' dir='ltr'>a</span> <span class='ocrx_word' id='word_1_79' title='bbox 948 1236 1038 1306; x_wconf 90' lang='lat' dir='ltr'>porta</span> <span class='ocrx_word' id='word_1_80' title='bbox 1059 1228 1188 1306; x_wconf 85' lang='lat' dir='ltr'>paulum</span> 
     </span>
     <span class='ocr_line' id='line_1_12' title="bbox 182 1313 1187 1390; baseline -0.002 -16"><span class='ocrx_word' id='word_1_81' title='bbox 182 1317 355 1376; x_wconf 83' lang='lat' dir='ltr'>summovit.</span> <span class='ocrx_word' id='word_1_82' title='bbox 402 1314 590 1374; x_wconf 81' lang='lat' dir='ltr'>Conantibus</span> <span class='ocrx_word' id='word_1_83' title='bbox 632 1314 771 1373; x_wconf 90' lang='lat' dir='ltr'>auxiliari</span> <span class='ocrx_word' id='word_1_84' title='bbox 804 1315 884 1374; x_wconf 72' lang='lat' dir='ltr'>suIs:</span> <span class='ocrx_word' id='word_1_85' title='bbox 919 1314 1049 1373; x_wconf 84' lang='lat' dir='ltr'>Frustra</span> <span class='ocrx_word' id='word_1_86' title='bbox 1075 1313 1187 1390; x_wconf 86' lang='lat' dir='ltr'>inquit,</span> 
     </span>
     <span class='ocr_line' id='line_1_13' title="bbox 182 1399 1189 1477; baseline -0.002 -17"><span class='ocrx_word' id='word_1_87' title='bbox 182 1421 258 1460; x_wconf 88' lang='lat' dir='ltr'>meae</span> <span class='ocrx_word' id='word_1_88' title='bbox 281 1402 353 1461; x_wconf 85' lang='lat' dir='ltr'>vitae</span> <span class='ocrx_word' id='word_1_89' title='bbox 375 1401 537 1460; x_wconf 85' lang='lat' dir='ltr'>subvenire</span> <span class='ocrx_word' id='word_1_90' title='bbox 561 1400 720 1473; x_wconf 74' lang='lat' dir='ltr'>conamini,</span> <span class='ocrx_word' id='word_1_91' title='bbox 744 1420 833 1475; x_wconf 90' lang='lat' dir='ltr'>quem</span> <span class='ocrx_word' id='word_1_92' title='bbox 852 1399 918 1476; x_wconf 89' lang='lat' dir='ltr'>jam</span> <span class='ocrx_word' id='word_1_93' title='bbox 941 1400 1066 1477; x_wconf 86' lang='lat' dir='ltr'>sangvis</span> <span class='ocrx_word' id='word_1_94' title='bbox 1089 1399 1189 1460; x_wconf 87' lang='lat' dir='ltr'>vires-</span> 
     </span>
     <span class='ocr_line' id='line_1_14' title="bbox 182 1484 1186 1561; baseline -0.001 -16"><span class='ocrx_word' id='word_1_95' title='bbox 182 1506 241 1561; x_wconf 86' lang='lat' dir='ltr'>que</span> <span class='ocrx_word' id='word_1_96' title='bbox 264 1485 417 1545; x_wconf 84' lang='lat' dir='ltr'>deficiunt.</span> <span class='ocrx_word' id='word_1_97' title='bbox 462 1485 595 1545; x_wconf 85' lang='lat' dir='ltr'>Proinde</span> <span class='ocrx_word' id='word_1_98' title='bbox 618 1486 708 1560; x_wconf 89' lang='lat' dir='ltr'>abite,</span> <span class='ocrx_word' id='word_1_99' title='bbox 733 1485 805 1543; x_wconf 91' lang='lat' dir='ltr'>dum</span> <span class='ocrx_word' id='word_1_100' title='bbox 828 1493 876 1544; x_wconf 88' lang='lat' dir='ltr'>est</span> <span class='ocrx_word' id='word_1_101' title='bbox 897 1484 1041 1560; x_wconf 86' lang='lat' dir='ltr'>facultas,</span> <span class='ocrx_word' id='word_1_102' title='bbox 1065 1504 1186 1560; x_wconf 86' lang='lat' dir='ltr'>vosque</span> 
     </span>
     <span class='ocr_line' id='line_1_15' title="bbox 183 1571 1186 1649; baseline -0.002 -18"><span class='ocrx_word' id='word_1_103' title='bbox 183 1572 222 1631; x_wconf 92' lang='lat' dir='ltr'>ad</span> <span class='ocrx_word' id='word_1_104' title='bbox 244 1572 394 1648; x_wconf 85' lang='lat' dir='ltr'>legionem</span> <span class='ocrx_word' id='word_1_105' title='bbox 415 1571 552 1649; x_wconf 88' lang='lat' dir='ltr'>recipite.</span> <span class='ocrx_word' id='word_1_106' title='bbox 608 1571 659 1630; x_wconf 91' lang='lat' dir='ltr'>Ita</span> <span class='ocrx_word' id='word_1_107' title='bbox 690 1590 831 1649; x_wconf 85' lang='lat' dir='ltr'>pugnans</span> <span class='ocrx_word' id='word_1_108' title='bbox 860 1578 933 1649; x_wconf 89' lang='lat' dir='ltr'>post</span> <span class='ocrx_word' id='word_1_109' title='bbox 965 1571 1089 1648; x_wconf 89' lang='lat' dir='ltr'>paulum</span> <span class='ocrx_word' id='word_1_110' title='bbox 1114 1591 1186 1630; x_wconf 92' lang='lat' dir='ltr'>con·</span> 
     </span>
     <span class='ocr_line' id='line_1_16' title="bbox 183 1656 609 1716; baseline -0.005 0"><span class='ocrx_word' id='word_1_111' title='bbox 183 1657 257 1716; x_wconf 83' lang='lat' dir='ltr'>cidit</span> <span class='ocrx_word' id='word_1_112' title='bbox 280 1677 315 1716; x_wconf 90' lang='lat' dir='ltr'>ac</span> <span class='ocrx_word' id='word_1_113' title='bbox 339 1658 403 1716; x_wconf 90' lang='lat' dir='ltr'>suis</span> <span class='ocrx_word' id='word_1_114' title='bbox 426 1657 519 1716; x_wconf 90' lang='lat' dir='ltr'>saluti</span> <span class='ocrx_word' id='word_1_115' title='bbox 541 1656 609 1715; x_wconf 84' lang='lat' dir='ltr'>fuit.</span> 
     </span>
    </p>

    <p class='ocr_par' dir='ltr' id='par_1_3' title="bbox 181 1741 1188 2248">
     <span class='ocr_line' id='line_1_17' title="bbox 267 1741 1187 1820; baseline -0.001 -19"><span class='ocrx_word' id='word_1_116' title='bbox 267 1743 321 1801; x_wconf 88' lang='lat' dir='ltr'>LI.</span> <span class='ocrx_word' id='word_1_117' title='bbox 367 1743 474 1802; x_wconf 88' lang='lat' dir='ltr'>Nostri</span> <span class='ocrx_word' id='word_1_118' title='bbox 497 1762 588 1817; x_wconf 90' lang='lat' dir='ltr'>quum</span> <span class='ocrx_word' id='word_1_119' title='bbox 610 1741 743 1817; x_wconf 89' lang='lat' dir='ltr'>undique</span> <span class='ocrx_word' id='word_1_120' title='bbox 755 1749 975 1820; x_wconf 89' lang='lat' dir='ltr'>premerentur,</span> <span class='ocrx_word' id='word_1_121' title='bbox 987 1741 1096 1802; x_wconf 86' lang='lat' dir='ltr'><strong>XLVI</strong></span> <span class='ocrx_word' id='word_1_122' title='bbox 1117 1761 1187 1801; x_wconf 88' lang='lat' dir='ltr'>cen-</span> 
     </span>
     <span class='ocr_line' id='line_1_18' title="bbox 181 1827 1186 1904; baseline -0.001 -17"><span class='ocrx_word' id='word_1_123' title='bbox 181 1829 350 1887; x_wconf 87' lang='lat' dir='ltr'>turionibus</span> <span class='ocrx_word' id='word_1_124' title='bbox 374 1828 495 1887; x_wconf 88' lang='lat' dir='ltr'>amissis</span> <span class='ocrx_word' id='word_1_125' title='bbox 519 1827 631 1904; x_wconf 90' lang='lat' dir='ltr'>dejecti</span> <span class='ocrx_word' id='word_1_126' title='bbox 659 1836 731 1886; x_wconf 90' lang='lat' dir='ltr'>sunt</span> <span class='ocrx_word' id='word_1_127' title='bbox 763 1829 845 1901; x_wconf 74' lang='lat' dir='ltr'>loco,</span> <span class='ocrx_word' id='word_1_128' title='bbox 881 1827 936 1887; x_wconf 89' lang='lat' dir='ltr'>sed</span> <span class='ocrx_word' id='word_1_129' title='bbox 970 1827 1186 1887; x_wconf 88' lang='lat' dir='ltr'>intolerantius</span> 
     </span>
     <span class='ocr_line' id='line_1_19' title="bbox 183 1911 1188 1991; baseline 0.001 -19"><span class='ocrx_word' id='word_1_130' title='bbox 183 1913 289 1972; x_wconf 85' lang='lat' dir='ltr'>Gallos</span> <span class='ocrx_word' id='word_1_131' title='bbox 312 1914 509 1990; x_wconf 88' lang='lat' dir='ltr'>insequentes</span> <span class='ocrx_word' id='word_1_132' title='bbox 531 1913 611 1989; x_wconf 89' lang='lat' dir='ltr'>legio</span> <span class='ocrx_word' id='word_1_133' title='bbox 634 1913 675 1971; x_wconf 88' lang='lat' dir='ltr'>X.</span> <span class='ocrx_word' id='word_1_134' title='bbox 699 1913 842 1988; x_wconf 88' lang='lat' dir='ltr'>tardavit,</span> <span class='ocrx_word' id='word_1_135' title='bbox 867 1933 934 1988; x_wconf 87' lang='lat' dir='ltr'>quae</span> <span class='ocrx_word' id='word_1_136' title='bbox 963 1934 1019 1991; x_wconf 91' lang='lat' dir='ltr'>pro</span> <span class='ocrx_word' id='word_1_137' title='bbox 1048 1911 1188 1973; x_wconf 90' lang='lat' dir='ltr'>subsidio</span> 
     </span>
     <span class='ocr_line' id='line_1_20' title="bbox 181 1998 1187 2076; baseline 0 -19"><span class='ocrx_word' id='word_1_138' title='bbox 181 1998 273 2076; x_wconf 91' lang='lat' dir='ltr'>paulo</span> <span class='ocrx_word' id='word_1_139' title='bbox 297 1999 430 2074; x_wconf 82' lang='lat' dir='ltr'>aequiore</span> <span class='ocrx_word' id='word_1_140' title='bbox 451 2000 518 2057; x_wconf 91' lang='lat' dir='ltr'>loco</span> <span class='ocrx_word' id='word_1_141' title='bbox 543 2000 731 2058; x_wconf 88' lang='lat' dir='ltr'>constiterat.</span> <span class='ocrx_word' id='word_1_142' title='bbox 776 1998 865 2058; x_wconf 91' lang='lat' dir='ltr'>Hanc</span> <span class='ocrx_word' id='word_1_143' title='bbox 893 2019 1000 2058; x_wconf 86' lang='lat' dir='ltr'>rursus</span> <span class='ocrx_word' id='word_1_144' title='bbox 1021 1998 1119 2057; x_wconf 88' lang='lat' dir='ltr'><strong>XIII.</strong></span> <span class='ocrx_word' id='word_1_145' title='bbox 1143 1998 1187 2057; x_wconf 89' lang='grc'>10-</span> 
     </span>
     <span class='ocr_line' id='line_1_21' title="bbox 182 2084 1187 2162; baseline 0.001 -20"><span class='ocrx_word' id='word_1_146' title='bbox 182 2084 281 2161; x_wconf 88' lang='lat' dir='ltr'>gionis</span> <span class='ocrx_word' id='word_1_147' title='bbox 305 2084 445 2144; x_wconf 89' lang='lat' dir='ltr'>cohortes</span> <span class='ocrx_word' id='word_1_148' title='bbox 476 2092 675 2162; x_wconf 86' lang='lat' dir='ltr'>exceperunt,</span> <span class='ocrx_word' id='word_1_149' title='bbox 711 2104 778 2160; x_wconf 88' lang='lat' dir='ltr'>quae</span> <span class='ocrx_word' id='word_1_150' title='bbox 813 2104 851 2143; x_wconf 87' lang='lat' dir='ltr'>ex</span> <span class='ocrx_word' id='word_1_151' title='bbox 880 2084 990 2144; x_wconf 88' lang='lat' dir='ltr'>castris</span> <span class='ocrx_word' id='word_1_152' title='bbox 1018 2084 1187 2144; x_wconf 89' lang='lat' dir='ltr'>minoribus</span> 
     </span>
     <span class='ocr_line' id='line_1_22' title="bbox 184 2169 1185 2248; baseline 0.001 -20"><span class='ocrx_word' id='word_1_153' title='bbox 184 2169 302 2228; x_wconf 86' lang='lat' dir='ltr'>eductae</span> <span class='ocrx_word' id='word_1_154' title='bbox 327 2190 394 2228; x_wconf 91' lang='lat' dir='ltr'>cum</span> <span class='ocrx_word' id='word_1_155' title='bbox 422 2170 456 2228; x_wconf 83' lang='lat' dir='ltr'>T.</span> <span class='ocrx_word' id='word_1_156' title='bbox 482 2169 585 2228; x_wconf 85' lang='lat' dir='ltr'>Sextio</span> <span class='ocrx_word' id='word_1_157' title='bbox 613 2169 715 2246; x_wconf 88' lang='lat' dir='ltr'>legato</span> <span class='ocrx_word' id='word_1_158' title='bbox 747 2178 893 2248; x_wconf 88' lang='lat' dir='ltr'>ceperant</span> <span class='ocrx_word' id='word_1_159' title='bbox 919 2170 1020 2229; x_wconf 90' lang='lat' dir='ltr'>locum</span> <span class='ocrx_word' id='word_1_160' title='bbox 1048 2170 1185 2248; x_wconf 88' lang='lat' dir='ltr'>superio-</span> 
     </span>
    </p>
   </div>
   <div class='ocr_carea' id='block_1_3' title="bbox 181 2254 1308 2334">
    <p class='ocr_par' dir='ltr' id='par_1_4' title="bbox 181 2254 1308 2334">
     <span class='ocr_line' id='line_1_23' title="bbox 181 2254 1308 2334; baseline 0.001 -21"><span class='ocrx_word' id='word_1_161' title='bbox 181 2275 256 2314; x_wconf 88' lang='lat' dir='ltr'>rem.</span> <span class='ocrx_word' id='word_1_162' title='bbox 301 2255 454 2332; x_wconf 83' lang='lat' dir='ltr'>Legiones</span> <span class='ocrx_word' id='word_1_163' title='bbox 477 2256 528 2314; x_wconf 92' lang='lat' dir='ltr'>ubi</span> <span class='ocrx_word' id='word_1_164' title='bbox 550 2256 680 2334; x_wconf 90' lang='lat' dir='ltr'>primum</span> <span class='ocrx_word' id='word_1_165' title='bbox 702 2256 860 2333; x_wconf 84' lang='lat' dir='ltr'>planitiem</span> <span class='ocrx_word' id='word_1_166' title='bbox 889 2256 1071 2333; x_wconf 88' lang='lat' dir='ltr'>attigerunt,</span> <span class='ocrx_word' id='word_1_167' title='bbox 1106 2254 1186 2314; x_wconf 85' lang='lat' dir='ltr'>infe-</span> <span class='ocrx_word' id='word_1_168' title='bbox 1300 2279 1308 2294; x_wconf 93' lang='lat'><strong>·</strong></span> 
     </span>
    </p>
   </div>
   <div class='ocr_carea' id='block_1_4' title="bbox 182 2341 1187 2590">
    <p class='ocr_par' dir='ltr' id='par_1_5' title="bbox 182 2341 1187 2590">
     <span class='ocr_line' id='line_1_24' title="bbox 183 2341 1185 2418; baseline 0 -19"><span class='ocrx_word' id='word_1_169' title='bbox 183 2341 239 2400; x_wconf 89' lang='lat' dir='ltr'>stis</span> <span class='ocrx_word' id='word_1_170' title='bbox 263 2348 368 2400; x_wconf 90' lang='lat' dir='ltr'>contra</span> <span class='ocrx_word' id='word_1_171' title='bbox 390 2341 494 2400; x_wconf 89' lang='lat' dir='ltr'>hostes</span> <span class='ocrx_word' id='word_1_172' title='bbox 518 2342 614 2418; x_wconf 90' lang='lat' dir='ltr'>signis</span> <span class='ocrx_word' id='word_1_173' title='bbox 637 2342 848 2400; x_wconf 87' lang='lat' dir='ltr'>constiterunt.</span> <span class='ocrx_word' id='word_1_174' title='bbox 890 2341 1123 2418; x_wconf 87' lang='lat' dir='ltr'>Vercingetorix</span> <span class='ocrx_word' id='word_1_175' title='bbox 1146 2342 1185 2400; x_wconf 87' lang='lat' dir='ltr'>ab</span> 
     </span>
     <span class='ocr_line' id='line_1_25' title="bbox 182 2426 1187 2486; baseline 0.001 -1"><span class='ocrx_word' id='word_1_176' title='bbox 182 2427 338 2486; x_wconf 89' lang='lat' dir='ltr'>radicibus</span> <span class='ocrx_word' id='word_1_177' title='bbox 362 2427 448 2486; x_wconf 90' lang='lat' dir='ltr'>collis</span> <span class='ocrx_word' id='word_1_178' title='bbox 472 2446 544 2486; x_wconf 91' lang='lat' dir='ltr'>suos</span> <span class='ocrx_word' id='word_1_179' title='bbox 566 2427 647 2486; x_wconf 90' lang='lat' dir='ltr'>intra</span> <span class='ocrx_word' id='word_1_180' title='bbox 669 2427 854 2486; x_wconf 88' lang='lat' dir='ltr'>munitiones</span> <span class='ocrx_word' id='word_1_181' title='bbox 881 2426 1012 2485; x_wconf 88' lang='lat' dir='ltr'>reduxit.</span> <span class='ocrx_word' id='word_1_182' title='bbox 1065 2427 1112 2485; x_wconf 82' lang='lat' dir='ltr'>Eo</span> <span class='ocrx_word' id='word_1_183' title='bbox 1136 2426 1187 2486; x_wconf 91' lang='lat' dir='ltr'>die</span> 
     </span>
     <span class='ocr_line' id='line_1_26' title="bbox 182 2511 927 2590; baseline 0.001 -20"><span class='ocrx_word' id='word_1_184' title='bbox 182 2513 294 2571; x_wconf 88' lang='lat' dir='ltr'>milites</span> <span class='ocrx_word' id='word_1_185' title='bbox 318 2521 390 2571; x_wconf 89' lang='lat' dir='ltr'>sunt</span> <span class='ocrx_word' id='word_1_186' title='bbox 411 2512 502 2590; x_wconf 89' lang='lat' dir='ltr'>paulo</span> <span class='ocrx_word' id='word_1_187' title='bbox 525 2513 624 2571; x_wconf 91' lang='lat' dir='ltr'>minus</span> <span class='ocrx_word' id='word_1_188' title='bbox 647 2512 729 2571; x_wconf 80' lang='lat' dir='ltr'>DCC</span> <span class='ocrx_word' id='word_1_189' title='bbox 752 2511 927 2572; x_wconf 87' lang='lat' dir='ltr'>desiderati.</span> 
     </span>
    </p>
   </div>
   <div class='ocr_carea' id='block_1_5' title="bbox 269 2597 1295 2658">
    <p class='ocr_par' dir='ltr' id='par_1_6' title="bbox 269 2597 1295 2658">
     <span class='ocr_line' id='line_1_27' title="bbox 269 2597 1295 2658; baseline -0.001 -2"><span class='ocrx_word' id='word_1_190' title='bbox 269 2597 343 2656; x_wconf 89' lang='lat' dir='ltr'><strong>LII.</strong></span> <span class='ocrx_word' id='word_1_191' title='bbox 388 2598 516 2657; x_wconf 91' lang='lat' dir='ltr'>Postero</span> <span class='ocrx_word' id='word_1_192' title='bbox 540 2597 588 2656; x_wconf 84' lang='lat' dir='ltr'>die</span> <span class='ocrx_word' id='word_1_193' title='bbox 602 2597 706 2657; x_wconf 83' lang='lat' dir='ltr'>Caesar</span> <span class='ocrx_word' id='word_1_194' title='bbox 729 2599 869 2656; x_wconf 88' lang='lat' dir='ltr'>contione</span> <span class='ocrx_word' id='word_1_195' title='bbox 892 2598 1043 2658; x_wconf 86' lang='lat' dir='ltr'>advocata</span> <span class='ocrx_word' id='word_1_196' title='bbox 1064 2598 1185 2657; x_wconf 88' lang='lat' dir='ltr'>temeri-</span> <span class='ocrx_word' id='word_1_197' title='bbox 1292 2641 1295 2645; x_wconf 61' lang='grc'><em>»</em></span> 
     </span>
    </p>
   </div>
   <div class='ocr_carea' id='block_1_6' title="bbox 180 2675 1208 4039">
    <p class='ocr_par' dir='ltr' id='par_1_7' title="bbox 180 2675 1208 4039">
     <span class='ocr_line' id='line_1_28' title="bbox 183 2675 1187 2761; baseline 0 -20"><span class='ocrx_word' id='word_1_198' title='bbox 183 2689 277 2741; x_wconf 86' lang='lat' dir='ltr'>tatem</span> <span class='ocrx_word' id='word_1_199' title='bbox 288 2675 553 2760; x_wconf 57' lang='lat' dir='ltr'>:cupiditatemque</span> <span class='ocrx_word' id='word_1_200' title='bbox 572 2683 700 2742; x_wconf 88' lang='lat' dir='ltr'>militum</span> <span class='ocrx_word' id='word_1_201' title='bbox 719 2683 929 2760; x_wconf 85' lang='lat' dir='ltr'>reprehendit,</span> <span class='ocrx_word' id='word_1_202' title='bbox 949 2682 1031 2759; x_wconf 91' lang='lat' dir='ltr'>quod</span> <span class='ocrx_word' id='word_1_203' title='bbox 1050 2683 1110 2743; x_wconf 89' lang='lat' dir='ltr'>sibi</span> <span class='ocrx_word' id='word_1_204' title='bbox 1125 2683 1187 2761; x_wconf 91' lang='lat' dir='ltr'>ipsi</span> 
     </span>
     <span class='ocr_line' id='line_1_29' title="bbox 180 2766 1186 2846; baseline 0.002 -20"><span class='ocrx_word' id='word_1_205' title='bbox 180 2766 415 2844; x_wconf 86' lang='lat' dir='ltr'>judicavissent,</span> <span class='ocrx_word' id='word_1_206' title='bbox 439 2787 498 2843; x_wconf 90' lang='lat' dir='ltr'>quo</span> <span class='ocrx_word' id='word_1_207' title='bbox 521 2768 748 2845; x_wconf 88' lang='lat' dir='ltr'>procedendum</span> <span class='ocrx_word' id='word_1_208' title='bbox 776 2776 829 2828; x_wconf 89' lang='lat' dir='ltr'>aut</span> <span class='ocrx_word' id='word_1_209' title='bbox 858 2769 931 2844; x_wconf 90' lang='lat' dir='ltr'>quid</span> <span class='ocrx_word' id='word_1_210' title='bbox 960 2769 1112 2846; x_wconf 87' lang='lat' dir='ltr'>agendum</span> <span class='ocrx_word' id='word_1_211' title='bbox 1140 2769 1186 2829; x_wconf 87' lang='lat' dir='ltr'>vi-</span> 
     </span>
     <span class='ocr_line' id='line_1_30' title="bbox 184 2852 1186 2930; baseline 0.003 -20"><span class='ocrx_word' id='word_1_212' title='bbox 184 2852 316 2928; x_wconf 88' lang='lat' dir='ltr'>deretur,</span> <span class='ocrx_word' id='word_1_213' title='bbox 340 2872 438 2927; x_wconf 88' lang='lat' dir='ltr'>neque</span> <span class='ocrx_word' id='word_1_214' title='bbox 469 2854 556 2930; x_wconf 89' lang='lat' dir='ltr'>signo</span> <span class='ocrx_word' id='word_1_215' title='bbox 585 2854 751 2930; x_wconf 85' lang='lat' dir='ltr'>recipiendi</span> <span class='ocrx_word' id='word_1_216' title='bbox 779 2854 850 2913; x_wconf 86' lang='lat' dir='ltr'>dato</span> <span class='ocrx_word' id='word_1_217' title='bbox 879 2854 1099 2928; x_wconf 89' lang='lat' dir='ltr'>constitissent,</span> <span class='ocrx_word' id='word_1_218' title='bbox 1133 2874 1186 2913; x_wconf 90' lang='lat' dir='ltr'>ne-</span> 
     </span>
     <span class='ocr_line' id='line_1_31' title="bbox 185 2938 1186 3018; baseline 0.002 -22"><span class='ocrx_word' id='word_1_219' title='bbox 185 2958 244 3014; x_wconf 87' lang='lat' dir='ltr'>que</span> <span class='ocrx_word' id='word_1_220' title='bbox 268 2939 306 2997; x_wconf 92' lang='lat' dir='ltr'>ab</span> <span class='ocrx_word' id='word_1_221' title='bbox 335 2938 465 2997; x_wconf 89' lang='lat' dir='ltr'>tribunis</span> <span class='ocrx_word' id='word_1_222' title='bbox 498 2938 628 2997; x_wconf 90' lang='lat' dir='ltr'>militum</span> <span class='ocrx_word' id='word_1_223' title='bbox 655 2939 826 3016; x_wconf 89' lang='lat' dir='ltr'>legatisque</span> <span class='ocrx_word' id='word_1_224' title='bbox 855 2940 980 2999; x_wconf 86' lang='lat' dir='ltr'>retineri</span> <span class='ocrx_word' id='word_1_225' title='bbox 1002 2940 1186 3018; x_wconf 88' lang='lat' dir='ltr'>potuissent,</span> 
     </span>
     <span class='ocr_line' id='line_1_32' title="bbox 185 3024 1186 3103; baseline 0.005 -22"><span class='ocrx_word' id='word_1_226' title='bbox 185 3025 332 3101; x_wconf 88' lang='lat' dir='ltr'>exposito,</span> <span class='ocrx_word' id='word_1_227' title='bbox 356 3024 429 3099; x_wconf 86' lang='lat' dir='ltr'>quid</span> <span class='ocrx_word' id='word_1_228' title='bbox 450 3024 594 3100; x_wconf 86' lang='lat' dir='ltr'>iniquitas</span> <span class='ocrx_word' id='word_1_229' title='bbox 616 3025 675 3083; x_wconf 91' lang='lat' dir='ltr'>loci</span> <span class='ocrx_word' id='word_1_230' title='bbox 696 3032 817 3103; x_wconf 90' lang='lat' dir='ltr'>posset,</span> <span class='ocrx_word' id='word_1_231' title='bbox 849 3025 921 3100; x_wconf 88' lang='lat' dir='ltr'>quid</span> <span class='ocrx_word' id='word_1_232' title='bbox 949 3026 1019 3103; x_wconf 89' lang='lat' dir='ltr'>ipse</span> <span class='ocrx_word' id='word_1_233' title='bbox 1042 3025 1081 3084; x_wconf 88' lang='lat' dir='ltr'>ad</span> <span class='ocrx_word' id='word_1_234' title='bbox 1103 3026 1186 3086; x_wconf 85' lang='lat' dir='ltr'>Ava-</span> 
     </span>
     <span class='ocr_line' id='line_1_33' title="bbox 184 3109 1187 3186; baseline 0.002 -18"><span class='ocrx_word' id='word_1_235' title='bbox 184 3110 280 3168; x_wconf 88' lang='lat' dir='ltr'>ricum</span> <span class='ocrx_word' id='word_1_236' title='bbox 304 3109 464 3184; x_wconf 87' lang='lat' dir='ltr'>sensisset,</span> <span class='ocrx_word' id='word_1_237' title='bbox 489 3129 582 3185; x_wconf 90' lang='lat' dir='ltr'>quum</span> <span class='ocrx_word' id='word_1_238' title='bbox 610 3110 675 3168; x_wconf 88' lang='lat' dir='ltr'>sinc</span> <span class='ocrx_word' id='word_1_239' title='bbox 705 3110 782 3170; x_wconf 89' lang='lat' dir='ltr'>duce</span> <span class='ocrx_word' id='word_1_240' title='bbox 811 3118 842 3168; x_wconf 88' lang='lat' dir='ltr'>et</span> <span class='ocrx_word' id='word_1_241' title='bbox 870 3110 936 3170; x_wconf 85' lang='lat' dir='ltr'>sine</span> <span class='ocrx_word' id='word_1_242' title='bbox 967 3111 1104 3186; x_wconf 87' lang='lat' dir='ltr'>equitatu</span> <span class='ocrx_word' id='word_1_243' title='bbox 1135 3110 1187 3170; x_wconf 92' lang='grc'><strong>(10-</strong></span> 
     </span>
     <span class='ocr_line' id='line_1_34' title="bbox 185 3195 1188 3273; baseline 0.002 -19"><span class='ocrx_word' id='word_1_244' title='bbox 185 3195 344 3273; x_wconf 89' lang='lat' dir='ltr'>prehensis</span> <span class='ocrx_word' id='word_1_245' title='bbox 378 3195 518 3254; x_wconf 87' lang='lat' dir='ltr'>hostibus</span> <span class='ocrx_word' id='word_1_246' title='bbox 553 3196 740 3272; x_wconf 88' lang='lat' dir='ltr'>exploratam</span> <span class='ocrx_word' id='word_1_247' title='bbox 762 3196 921 3255; x_wconf 90' lang='lat' dir='ltr'>victoriam</span> <span class='ocrx_word' id='word_1_248' title='bbox 950 3196 1125 3272; x_wconf 88' lang='lat' dir='ltr'>dimisisset,</span> <span class='ocrx_word' id='word_1_249' title='bbox 1148 3217 1188 3256; x_wconf 89' lang='lat' dir='ltr'>ne</span> 
     </span>
     <span class='ocr_line' id='line_1_35' title="bbox 185 3279 1189 3360; baseline 0.003 -22"><span class='ocrx_word' id='word_1_250' title='bbox 185 3300 313 3358; x_wconf 84' lang='lat' dir='ltr'>parvum</span> <span class='ocrx_word' id='word_1_251' title='bbox 335 3279 425 3338; x_wconf 91' lang='lat' dir='ltr'>modo</span> <span class='ocrx_word' id='word_1_252' title='bbox 449 3279 665 3340; x_wconf 86' lang='lat' dir='ltr'>detrimentum</span> <span class='ocrx_word' id='word_1_253' title='bbox 687 3282 718 3340; x_wconf 90' lang='lat' dir='ltr'>in</span> <span class='ocrx_word' id='word_1_254' title='bbox 749 3281 941 3341; x_wconf 88' lang='lat' dir='ltr'>contentione</span> <span class='ocrx_word' id='word_1_255' title='bbox 975 3289 1102 3360; x_wconf 87' lang='lat' dir='ltr'>propter</span> <span class='ocrx_word' id='word_1_256' title='bbox 1131 3281 1189 3341; x_wconf 91' lang='lat' dir='ltr'>ini·</span> 
     </span>
     <span class='ocr_line' id='line_1_36' title="bbox 187 3357 1189 3444; baseline 0.003 -21"><span class='ocrx_word' id='word_1_257' title='bbox 187 3357 341 3441; x_wconf 82' lang='lat' dir='ltr'>quitatem</span> <span class='ocrx_word' id='word_1_258' title='bbox 366 3364 427 3423; x_wconf 91' lang='lat' dir='ltr'>loci</span> <span class='ocrx_word' id='word_1_259' title='bbox 460 3366 621 3425; x_wconf 87' lang='lat' dir='ltr'>accideret.</span> <span class='ocrx_word' id='word_1_260' title='bbox 679 3366 799 3437; x_wconf 79' lang='lat' dir='ltr'>Quanto</span> <span class='ocrx_word' id='word_1_261' title='bbox 834 3386 925 3444; x_wconf 88' lang='lat' dir='ltr'>opere</span> <span class='ocrx_word' id='word_1_262' title='bbox 960 3388 1064 3427; x_wconf 89' lang='lat' dir='ltr'>eorum</span> <span class='ocrx_word' id='word_1_263' title='bbox 1094 3368 1189 3426; x_wconf 89' lang='lat' dir='ltr'>animi</span> 
     </span>
     <span class='ocr_line' id='line_1_37' title="bbox 185 3449 1188 3534; baseline 0.005 -27"><span class='ocrx_word' id='word_1_264' title='bbox 185 3449 424 3527; x_wconf 86' lang='lat' dir='ltr'>magnitudinem</span> <span class='ocrx_word' id='word_1_265' title='bbox 453 3451 669 3534; x_wconf 84' lang='lat' dir='ltr'>admiraretur,</span> <span class='ocrx_word' id='word_1_266' title='bbox 700 3472 776 3527; x_wconf 89' lang='lat' dir='ltr'>quos</span> <span class='ocrx_word' id='word_1_267' title='bbox 805 3472 867 3511; x_wconf 92' lang='lat' dir='ltr'>non</span> <span class='ocrx_word' id='word_1_268' title='bbox 895 3460 1063 3512; x_wconf 88' lang='lat' dir='ltr'>castrorum</span> <span class='ocrx_word' id='word_1_269' title='bbox 1091 3453 1188 3512; x_wconf 88' lang='lat' dir='ltr'>muni-</span> 
     </span>
     <span class='ocr_line' id='line_1_38' title="bbox 185 3536 1190 3617; baseline 0.003 -24"><span class='ocrx_word' id='word_1_270' title='bbox 185 3536 294 3610; x_wconf 91' lang='lat' dir='ltr'>tiones,</span> <span class='ocrx_word' id='word_1_271' title='bbox 317 3555 378 3594; x_wconf 91' lang='lat' dir='ltr'>non</span> <span class='ocrx_word' id='word_1_272' title='bbox 401 3536 529 3596; x_wconf 89' lang='lat' dir='ltr'>altitudo</span> <span class='ocrx_word' id='word_1_273' title='bbox 551 3538 673 3613; x_wconf 82' lang='lat' dir='ltr'>montis,</span> <span class='ocrx_word' id='word_1_274' title='bbox 696 3557 758 3596; x_wconf 91' lang='lat' dir='ltr'>non</span> <span class='ocrx_word' id='word_1_275' title='bbox 791 3557 895 3596; x_wconf 88' lang='lat' dir='ltr'>murus</span> <span class='ocrx_word' id='word_1_276' title='bbox 930 3538 1033 3617; x_wconf 88' lang='lat' dir='ltr'>oppidi</span> <span class='ocrx_word' id='word_1_277' title='bbox 1065 3538 1190 3599; x_wconf 87' lang='lat' dir='ltr'>tardare</span> 
     </span>
     <span class='ocr_line' id='line_1_39' title="bbox 186 3621 1189 3702; baseline 0.004 -22"><span class='ocrx_word' id='word_1_278' title='bbox 186 3621 347 3698; x_wconf 88' lang='lat' dir='ltr'>potuisset,</span> <span class='ocrx_word' id='word_1_279' title='bbox 376 3628 464 3681; x_wconf 92' lang='lat' dir='ltr'>tanto</span> <span class='ocrx_word' id='word_1_280' title='bbox 496 3642 587 3700; x_wconf 87' lang='lat' dir='ltr'>opere</span> <span class='ocrx_word' id='word_1_281' title='bbox 616 3623 770 3682; x_wconf 88' lang='lat' dir='ltr'>licentiam</span> <span class='ocrx_word' id='word_1_282' title='bbox 798 3625 1063 3700; x_wconf 82' lang='lat' dir='ltr'>arrogantiamque</span> <span class='ocrx_word' id='word_1_283' title='bbox 1084 3643 1189 3702; x_wconf 85' lang='lat' dir='ltr'>repre·</span> 
     </span>
     <span class='ocr_line' id='line_1_40' title="bbox 185 3706 1189 3786; baseline 0.006 -23"><span class='ocrx_word' id='word_1_284' title='bbox 185 3706 327 3782; x_wconf 85' lang='lat' dir='ltr'>hendere,</span> <span class='ocrx_word' id='word_1_285' title='bbox 363 3708 443 3782; x_wconf 90' lang='lat' dir='ltr'>quod</span> <span class='ocrx_word' id='word_1_286' title='bbox 476 3708 546 3785; x_wconf 91' lang='lat' dir='ltr'>plus</span> <span class='ocrx_word' id='word_1_287' title='bbox 581 3727 614 3767; x_wconf 91' lang='lat' dir='ltr'>se</span> <span class='ocrx_word' id='word_1_288' title='bbox 648 3728 739 3783; x_wconf 90' lang='lat' dir='ltr'>quam</span> <span class='ocrx_word' id='word_1_289' title='bbox 761 3708 975 3786; x_wconf 88' lang='lat' dir='ltr'>imperatorem</span> <span class='ocrx_word' id='word_1_290' title='bbox 999 3709 1037 3769; x_wconf 92' lang='grc'>(10</span> <span class='ocrx_word' id='word_1_291' title='bbox 1059 3709 1189 3770; x_wconf 87' lang='lat' dir='ltr'>victoria</span> 
     </span>
     <span class='ocr_line' id='line_1_41' title="bbox 186 3792 1208 3869; baseline 0.007 -20"><span class='ocrx_word' id='word_1_292' title='bbox 186 3798 278 3866; x_wconf 91' lang='lat' dir='ltr'>atque</span> <span class='ocrx_word' id='word_1_293' title='bbox 301 3792 383 3852; x_wconf 87' lang='lat' dir='ltr'>exitu</span> <span class='ocrx_word' id='word_1_294' title='bbox 406 3813 507 3851; x_wconf 88' lang='lat' dir='ltr'>rerum</span> <span class='ocrx_word' id='word_1_295' title='bbox 530 3793 644 3851; x_wconf 89' lang='lat' dir='ltr'>sentire</span> <span class='ocrx_word' id='word_1_296' title='bbox 675 3792 897 3869; x_wconf 73' lang='lat' dir='ltr'>existimarent,</span> <span class='ocrx_word' id='word_1_297' title='bbox 933 3815 990 3853; x_wconf 90' lang='lat' dir='ltr'>nec</span> <span class='ocrx_word' id='word_1_298' title='bbox 1023 3795 1125 3854; x_wconf 88' lang='lat' dir='ltr'>minus</span> <span class='ocrx_word' id='word_1_299' title='bbox 1154 3815 1208 3858; x_wconf 88' lang='lat' dir='ltr'>se.</span> 
     </span>
     <span class='ocr_line' id='line_1_42' title="bbox 187 3876 1189 3954; baseline 0.003 -19"><span class='ocrx_word' id='word_1_300' title='bbox 187 3877 224 3935; x_wconf 89' lang='lat' dir='ltr'>ab</span> <span class='ocrx_word' id='word_1_301' title='bbox 247 3877 342 3936; x_wconf 89' lang='lat' dir='ltr'>milite</span> <span class='ocrx_word' id='word_1_302' title='bbox 364 3876 546 3936; x_wconf 91' lang='lat' dir='ltr'>modestiam</span> <span class='ocrx_word' id='word_1_303' title='bbox 568 3886 600 3936; x_wconf 89' lang='lat' dir='ltr'>et</span> <span class='ocrx_word' id='word_1_304' title='bbox 622 3878 838 3938; x_wconf 87' lang='lat' dir='ltr'>continentiam</span> <span class='ocrx_word' id='word_1_305' title='bbox 862 3899 952 3954; x_wconf 89' lang='lat' dir='ltr'>quam</span> <span class='ocrx_word' id='word_1_306' title='bbox 974 3880 1120 3941; x_wconf 78' lang='lat' dir='ltr'>virtutem</span> <span class='ocrx_word' id='word_1_307' title='bbox 1144 3890 1189 3939; x_wconf 91' lang='lat' dir='ltr'>at·</span> 
     </span>
     <span class='ocr_line' id='line_1_43' title="bbox 187 3962 826 4039; baseline 0.002 -18"><span class='ocrx_word' id='word_1_308' title='bbox 187 3981 245 4037; x_wconf 86' lang='lat' dir='ltr'>que</span> <span class='ocrx_word' id='word_1_309' title='bbox 268 3963 360 4021; x_wconf 89' lang='lat' dir='ltr'>animi</span> <span class='ocrx_word' id='word_1_310' title='bbox 381 3962 620 4039; x_wconf 86' lang='lat' dir='ltr'>magnitudinem</span> <span class='ocrx_word' id='word_1_311' title='bbox 643 3963 826 4023; x_wconf 89' lang='lat' dir='ltr'>desiderare.</span> 
     </span>
    </p>
   </div>
   <div class='ocr_carea' id='block_1_7' title="bbox 0 0 1344 4456">
    <p class='ocr_par' dir='ltr' id='par_1_8' title="bbox 0 0 1344 4456">
     <span class='ocr_line' id='line_1_44' title="bbox 0 0 1344 4456; baseline 0 0"><span class='ocrx_word' id='word_1_312' title='bbox 0 0 1344 4456; x_wconf 95' lang='lat' dir='ltr'> </span> 
     </span>
    </p>
   </div>
  </div>
 </body>
</html>
