2670 4456
564 172 684 227 LIBER
701 173 767 228 VII.
1098 186 1158 243 153

156 376 273 443 runtur,
297 369 453 445 ignoratis,
472 369 616 446 respicite
632 367 790 427 finitimam
803 369 941 446 Galliam,
961 391 1029 447 quae
1047 372 1077 430 in
1088 392 1157 450 pro-

156 454 287 514 vinciam
309 454 443 529 redacta,
463 454 534 531 jure
557 462 588 513 et
615 455 734 531 legibus
764 457 971 533 commutatis,
1000 458 1158 518 securibus

157 539 297 616 subjecta
318 548 466 618 perpetua
487 541 634 618 premitur
657 541 813 600 servitute.

243 626 428 686 LXXVIII.
465 625 630 685 Sententiis
660 626 751 685 dictis
777 628 973 703 constituunt,
999 637 1033 687 ut
1053 630 1084 705 ii,
1108 631 1160 706 qui

157 712 332 771 valetudine
355 720 407 771 aut
430 719 520 770 aetate
542 712 665 771 inutiles
678 713 740 772 sint
755 713 845 788 bello,
870 713 980 790 oppido
999 716 1158 792 excedant,

160 803 250 873 atque
274 799 374 857 omnia
395 799 480 876 prius
504 799 706 876 experiantur,
732 819 822 873 quam
845 798 885 858 ad
897 797 1067 877 Critognati
1090 822 1158 862 sen·

157 884 283 943 tentiam
306 883 508 957 descendant,
533 884 584 943 1110
608 893 710 943 tamen
731 884 834 962 potius
857 885 1004 944 utendum
1022 889 1157 962 consilio,

159 969 185 1027 si
207 990 256 1028 res
280 978 369 1047 cogat
392 976 482 1044 atque
506 971 617 1030 auxilia
640 977 803 1045 morentur,
834 990 925 1045 quarn
956 978 1009 1030 aut
1031 971 1158 1033 deditio-

157 1055 205 1114 nis
239 1064 291 1114 aut
319 1056 405 1133 pacis
434 1057 623 1115 subeundam
652 1056 867 1116 condicionem.
918 1057 1085 1134 Mandubii,
1109 1061 1160 1135 qui

159 1160 211 1200 eos
235 1141 344 1219 oppido
368 1150 556 1219 receperant,
581 1163 648 1201 cum
670 1143 775 1202 liberis
799 1150 889 1218 atque
912 1144 1058 1203 uxoribus
1077 1146 1158 1204 exire

159 1236 315 1303 cogimtur.
361 1228 402 1285 Hi
432 1248 524 1303 quum
552 1228 591 1287 ad
619 1229 800 1287 munitiones
823 1230 1028 1288 Romanorum
1057 1251 1159 1290 acces-

159 1313 281 1387 sissent,
305 1312 414 1374 flentes
437 1314 576 1372 omnibus
599 1315 741 1392 precibus
765 1316 901 1389 orabant,
929 1322 964 1373 ut
986 1336 1019 1375 se
1042 1316 1074 1375 111
1097 1336 1159 1376 ser-

159 1399 286 1458 vitutem
314 1405 454 1476 receptos
483 1400 549 1458 cibo
581 1400 734 1476 juvarent.
791 1400 833 1459 At
862 1400 965 1461 Caesar
1002 1402 1158 1481 dispositis

159 1485 190 1543 in
213 1486 293 1545 vallo
318 1484 496 1544 custodibus
519 1486 613 1563 recipi
635 1487 824 1563 prohibebat.

244 1571 396 1629 LXXIX.
442 1572 566 1630 Interea
579 1571 730 1630 Commius
742 1572 911 1647 reliquique
924 1574 1027 1647 dacae,
1048 1575 1158 1649 quibus

162 1676 278 1717 summa
301 1658 418 1735 imperii
447 1659 596 1734 permissa
625 1665 699 1731 erat,
734 1678 800 1716 oum
830 1659 969 1717 omnibus
998 1659 1093 1737 copiis
1122 1660 1161 1718 ad

158 1741 294 1801 Alesiam
327 1744 509 1820 perveniunt
548 1750 578 1802 et
612 1743 688 1802 colle
729 1743 878 1802 exteriore
919 1753 1066 1822 occupato
1100 1767 1161 1804 non

158 1829 278 1905 longius
300 1830 334 1887 M
360 1830 503 1907 passibus
533 1831 570 1888 ab
600 1829 713 1887 nostris
741 1829 956 1889 munitionibus
989 1831 1159 1890 considunt.

159 1914 285 1974 Postero
310 1915 358 1973 die
382 1916 517 1992 equitatu
541 1935 577 1973 ex
600 1915 710 1974 castris
734 1915 842 1974 educto
867 1937 984 1976 omnem
1008 1937 1074 1976 eam
1096 1919 1159 1996 pla-

159 2000 272 2076 nitiem,
296 2021 386 2076 quarn
408 2002 439 2060 in
462 2001 681 2078 longitudinem
704 2002 757 2060 ΙΙΙ
780 2002 862 2060 milia
884 2022 1031 2081 passuum
1053 2011 1158 2081 patere

159 2086 441 2162 demonstravimus,
474 2089 625 2165 complent
652 2088 871 2165 pedestresque
905 2090 1008 2165 copias
1035 2090 1159 2166 paulum

159 2174 196 2230 ab
231 2192 265 2231 eo
299 2173 365 2231 loco
400 2173 519 2231 abditas
552 2174 583 2231 in
611 2174 686 2232 locis
716 2174 923 2249 superioribus
958 2175 1155 2233 constituunt.

157 2257 234 2317 Erat
257 2279 293 2316 ex
317 2258 427 2335 oppido
455 2259 561 2317 Alesia
589 2259 751 2336 despectus
788 2260 820 2316 in
849 2279 995 2337 campum.
1027 2258 1159 2318 Concur-

158 2353 229 2403 runt
261 2345 308 2403 his
343 2344 461 2402 auxiliis
496 2345 587 2418 visis,
622 2343 656 2402 fit
689 2345 851 2420 gratulatio
880 2346 960 2405 inter
990 2364 1042 2403 eos
1066 2352 1157 2421 atque

158 2431 289 2489 omnium
312 2430 402 2489 animi
425 2430 463 2488 ad
485 2429 623 2488 laetitiam
645 2431 824 2488 excitantur.
869 2431 978 2507 Itaque
1000 2431 1158 2508 productis

159 2517 255 2593 copiis
279 2522 349 2575 ante
372 2515 517 2593 oppidum
540 2516 702 2574 considunt
724 2524 755 2574 et
776 2517 942 2594 proximam
965 2516 1157 2576 1000010010-

157 2602 239 2660 tibus
262 2602 402 2678 integunt
425 2608 516 2676 atque
539 2621 651 2679 aggere
681 2603 805 2680 explent
833 2622 927 2679 seque
958 2603 998 2662 ad
1025 2604 1157 2681 eruptio-

158 2707 227 2746 nem
251 2695 342 2764 atque
365 2707 469 2746 omnes
492 2708 582 2748 casus
606 2697 790 2766 comparant.

242 2774 376 2832 LXXX.
413 2773 517 2833 Oaesar
539 2776 619 2833 omni
642 2775 775 2833 exercitu
799 2775 838 2841 ad
859 2783 1019 2850 utramque
1040 2782 1159 2852 partem

156 2860 355 2919 munitionum
378 2860 535 2937 disposito,
559 2869 601 2935 ut,
626 2861 651 2918 si
674 2881 750 2919 usus
773 2861 883 2934 veniat,
913 2881 1002 2919 suum
1030 2861 1157 2936 quisque

156 2945 257 3004 locum
280 2953 383 3004 teneat
406 2955 437 3004 et
459 2947 586 3021 noverit,
617 2947 784 3021 equitatum
813 2967 850 3005 ex
879 2947 989 3006 castris
1017 2946 1106 3005 educi
1128 2955 1159 3005 et

156 3031 297 3108 proelium
320 3032 465 3090 committi
483 3032 581 3108 jubet.
626 3033 703 3090 Erat
725 3052 762 3091 ex
785 3033 923 3091 omnibus
947 3033 1066 3107 cestrie,
1090 3053 1157 3108 quae

158 3136 308 3175 summum
330 3117 463 3193 undique
483 3118 592 3194 jugum
615 3120 770 3192 tenebant,
794 3118 958 3195 despectus
982 3125 1072 3194 atque
1096 3139 1157 3178 orn-

157 3222 212 3261 nes
235 3204 346 3262 milites
368 3203 477 3262 intenti
500 3223 610 3282 pugnae
632 3210 813 3280 proventum
831 3206 1042 3281 expectabant.
1078 3204 1155 3264 Gal'

157 3289 236 3347 inter
269 3290 386 3364 equites
419 3309 505 3348 raros
540 3290 714 3365 sagittarios
750 3289 969 3367 expeditosque
1003 3291 1081 3350 levis
1110 3312 1157 3350 ar-

156 3380 283 3433 maturae
312 3375 547 3451 interjecerant,
573 3375 624 3449 qui
658 3376 721 3434 suis
745 3375 924 3434 cedentibus
954 3377 1064 3435 auxilio
1089 3396 1157 3435 suc·

157 3467 312 3519 currerent
346 3469 377 3518 et
414 3467 587 3519 nostrorum
627 3461 761 3536 equitum
794 3462 925 3539 impetus
960 3463 1155 3520 sustinerent.

92 3594 94 3597 .
155 3546 205 3604 Ab
239 3546 287 3604 his
321 3547 491 3624 complures
526 3546 563 3604 de
597 3546 761 3624 improviso
791 3547 943 3606 vulnerati
970 3547 1077 3624 proelio
1107 3567 1156 3606 ex-

157 3632 314 3690 cedebant.
372 3632 472 3702 Quum
507 3651 578 3690 suos
618 3653 720 3709 pugna
761 3634 934 3710 superiores
974 3652 1042 3691 esse
1077 3632 1158 3691 Galli

157 3716 343 3776 confiderent
376 3728 407 3776 et
437 3725 559 3776 nostros
594 3718 784 3777 multitudine
813 3719 910 3796 premi
943 3718 1091 3793 viderent,
1121 3739 1158 3776 ex

157 3803 295 3861 omnibus
317 3803 456 3881 partibus
480 3810 510 3861 et
530 3803 561 3878 ii,
591 3804 642 3878 qui
665 3804 881 3862 munitionibus
911 3804 1155 3879 continebantur,

157 3896 187 3947 et
215 3889 245 3963 ii,
277 3890 327 3964 qui
356 3888 395 3947 ad
422 3888 566 3948 auxilium
589 3897 801 3962 convenerant,
831 3889 961 3949 clamore
990 3897 1021 3949 et
1041 3891 1159 3950 ululatu
