2670 4456
558 258 679 312 11333
697 259 746 312 rr.
1107 268 1166 325 107

160 463 229 513 tare
258 463 311 511 aut
331 453 432 529 posita
455 453 560 511 tollere
590 453 731 526 auderet,
766 454 1040 529 gravissimumque
1069 455 1096 513 ei
1124 455 1168 512 131

162 538 347 617 supplicium
371 557 440 597 cum
464 539 601 597 cruciatu
625 539 824 597 constitutum
848 546 903 597 est.

250 624 374 683 XVIII.
421 623 502 682 Galli
537 644 570 682 se
594 643 697 682 omncs
728 626 765 682 ab
794 624 866 682 Dite
896 634 984 702 patre
1002 634 1168 701 prognatos

161 710 342 789 praedicant,
366 709 457 785 idque
477 711 515 767 ab
528 709 696 768 Druidibus
714 709 868 786 proditum
887 710 999 768 dicunt.
1037 710 1083 768 Ob
1103 730 1170 769 33111

163 807 288 854 causam
311 796 411 872 spatia
434 796 531 853 omnis
555 796 700 872 temporis
724 816 784 853 non
806 815 931 853 numero
956 797 1090 865 dierum,
1116 796 1170 853 scd

162 883 297 940 noctium
324 881 451 953 finiunt;
487 881 553 939 (1133
584 881 702 938 natales
732 890 762 938 et
797 900 935 939 mensum
964 889 994 938 et
1023 902 1171 939 annorum

162 967 249 1025 initia
280 967 323 1025 sic
353 967 534 1040 observant,
571 974 603 1024 ut
631 975 751 1024 noctem
783 967 848 1023 dios
872 968 1086 1041 subsequatur.
1132 968 1171 1024 In

162 1053 289 1127 reliquia
317 1052 389 1111 vitre
419 1052 567 1110 institutis
598 1053 655 1109 hoc
689 1051 754 1109 fere
779 1053 816 1109 ab
851 1052 976 1125 reliquis
1011 1049 1167 1123 differunt,

164 1137 246 1213 quod
279 1156 351 1195 3303
373 1137 496 1211 liberos,
531 1137 589 1195 nisi
624 1158 716 1212 quum
746 1137 959 1207 adoleverunt,
995 1146 1028 1194 ut
1061 1156 1171 1195 munus

163 1223 280 1281 militiae
304 1223 455 1281 sustinere
478 1223 612 1301 possint,
643 1223 744 1299 palam
773 1222 811 1280 ad
840 1243 873 1280 so
903 1222 986 1281 adire
1009 1243 1070 1280 non
1092 1223 1170 1298 pati-

163 1315 271 1382 untur,
301 1306 455 1382 filiumque
477 1309 587 1386 puerili
611 1320 700 1367 aetate
734 1309 765 1365 in
795 1309 916 1385 publico
945 1309 976 1365 in
1006 1320 1172 1384 conspectu

164 1393 263 1472 patris
286 1394 432 1452 assistere
456 1403 545 1471 turpe
569 1393 693 1451 ducunt.

250 1479 343 1536 XIX.
389 1479 465 1554 Viri,
490 1488 620 1554 quantas
632 1481 778 1556 pecunias
802 1480 840 1537 ab
860 1480 1005 1537 uxoribus
1018 1480 1098 1537 dotis
1118 1499 1172 1538 no-

163 1560 244 1623 mine
268 1574 460 1643 acceperunt,
484 1571 586 1623 tantas
611 1585 646 1622 ex
668 1565 731 1623 31113
749 1565 837 1622 bonis
863 1566 1064 1623 aestimatione
1088 1564 1172 1622 facta

166 1670 236 1709 cum
259 1650 382 1708 dotibus
405 1651 637 1708 communicant.
684 1650 784 1725 Hujus
808 1651 904 1707 omnis
935 1651 1072 1726 pecrmiae
1103 1670 1173 1707 con·

161 1735 294 1812 junctim
316 1736 394 1794 ratio
417 1737 548 1794 habetur
570 1736 750 1810 fructusque
773 1743 949 1805 servantum
982 1744 1048 1792 uter
1071 1755 1175 1792 eorum

166 1821 230 1881 vita
263 1822 428 1897 superavit,
464 1822 504 1879 ad
527 1842 595 1880 eum
623 1840 695 1898 pars
729 1821 888 1895 utriusque
923 1841 992 1878 cum
1021 1820 1173 1878 fructibus

167 1907 358 1983 superiorum
380 1914 551 1983 temporum
572 1907 721 1983 pervenit.
767 1906 834 1964 Viri
863 1907 893 1963 in
922 1926 1049 1980 uxorea,
1086 1905 1174 1964 sicuti

166 1992 344 2065 1311103103,
369 1993 439 2051 vitae
463 1993 608 2066 necisque
631 1993 746 2050 liabent
772 1999 972 2069 potestatem,
1003 2000 1049 2066 et,
1082 2011 1176 2065 quum

167 2086 256 2154 pater
277 2077 401 2136 familiae
424 2078 588 2136 illustriore
612 2078 787 2137 1333113133
806 2078 948 2150 decessit,
967 2077 1034 2153 ejus
1052 2077 1175 2155 propin-

168 2164 221 2238 qui
243 2163 427 2222 conveniunt
450 2172 489 2237 et,
514 2163 551 2221 (13
574 2172 671 2221 morte
695 2165 720 2221 31
744 2183 793 2222 133
810 2165 840 2221 in
859 2164 1063 2239 suspicionem
1081 2162 1175 2231 venit,

169 2249 207 2307 (13
230 2248 376 2307 uxoribus
399 2250 430 2306 111
453 2249 596 2307 servilem
617 2249 740 2306 modum
769 2249 970 2322 quaestionem
997 2248 1113 2305 habent
1136 2253 1175 2319 ct,

168 2334 195 2392 31
219 2342 407 2410 compartum
430 2342 486 2408 est,
510 2334 573 2410 igni
603 2342 695 2408 atque
719 2334 857 2390 omnibus
886 2333 1045 2389 tormentis
1071 2351 1176 2389 excru-

169 2420 265 2478 ciatas
283 2417 477 2478 interficirmt.
512 2419 634 2477 Funera
652 2426 723 2476 sunt
742 2438 796 2494 pro
816 2417 900 2475 cultu
914 2417 1071 2474 Gallorum
1093 2436 1177 2491 mag·

167 2504 259 2562 nifica
282 2513 313 2563 et
336 2514 523 2581 sumptuosa,
548 2505 717 2579 omniaque,
753 2523 820 2578 quae
854 2503 933 2560 rivis
968 2501 1052 2560 cordi
1081 2500 1178 2559 fuisse

168 2590 365 2664 arbitrantur,
389 2591 420 2647 in
442 2591 544 2667 ignem
565 2589 711 2663 inferunt,
735 2589 827 2647 etiam
850 2589 1006 2661 animalia3
1033 2607 1067 2646 33
1085 2587 1176 2664 paulo

169 2695 264 2753 supra
285 2676 364 2734 hanc
387 2677 561 2734 memoriam
584 2676 666 2734 servi
689 2682 719 2732 31
737 2675 877 2746 clientes,
905 2693 987 2748 quos
1011 2675 1049 2732 ab
1072 2673 1110 2731 iis
1134 2672 1178 2730 di-

170 2763 267 2820 lectos
302 2781 371 2819 esse
405 2763 581 2834 constabat,
613 2760 708 2836 justis
743 2759 903 2818 funeribus
940 2759 1087 2818 confectis
1119 2779 1179 2817 una

171 2847 394 2906 cremabantur.

257 2931 330 2990 XX.
378 2931 454 3003 Quae
479 2932 619 2990 civitates
639 2930 825 2989 commodius
844 2950 929 2988 suam
946 2929 1179 3004 rempublicam

171 3017 384 3077 administrare
408 3017 633 3090 existimantur,
663 3017 777 3074 habent
806 3016 927 3090 legibus
962 3020 1116 3085 sanctum,
1153 3013 1179 3069 31

172 3104 241 3178 quis
265 3102 338 3179 quid
361 3103 398 3160 (13
421 3123 454 3161 13
477 3103 601 3180 publica
624 3123 642 3159 3
664 3100 800 3159 finitimis
822 3119 942 3157 rumore
966 3119 1000 3156 ac
1024 3098 1107 3156 fama
1130 3117 1178 3155 33-

172 3189 297 3266 ceperit,
321 3189 366 3246 311
390 3186 428 3246 311
451 3188 665 3263 magistratum
688 3186 808 3244 deferat
829 3205 907 3243 nere
938 3203 1006 3241 oum
1029 3203 1088 3258 quo
1120 3183 1177 3241 3110

175 3273 386 3349 303113331331,
410 3273 492 3348 quod
522 3292 605 3349 saepe
635 3272 773 3330 homines
796 3270 974 3329 temerarios
1005 3278 1096 3343 atque
1124 3269 1179 3326 im-

171 3360 287 3437 peritos
310 3357 395 3417 131313
418 3360 590 3418 rumoribus
613 3357 721 3416 1311311
744 3364 775 3415 31
798 3356 837 3414 ad
865 3355 985 3414 facinus
1008 3355 1125 3431 impelli
1149 3361 1180 3413 et

164 3445 211 3511 de
234 3444 359 3502 3311111113
381 3445 473 3503 rebus
498 3444 656 3503 consilium
679 3462 788 3519 capere
806 3442 959 3517 cognitum
983 3448 1038 3499 est.
1082 3440 1179 3515 Magi-

173 3537 300 3604 stratus,
324 3549 392 3604 quae
416 3531 483 3588 visa
505 3538 586 3603 sunt,
611 3528 773 3601 occultant,
809 3547 937 3602 quaeque
968 3545 1037 3584 3333
1061 3545 1098 3583 ex
1121 3543 1179 3581 usu

170 3615 406 3692 judicaverunt,
435 3614 621 3673 multitudini
650 3613 792 3691 produnt.
838 3613 886 3670 De
914 3632 948 3670 13
975 3611 1099 3688 publica
1121 3608 1181 3666 nisi

173 3721 229 3778 per
252 3701 412 3759 concilium
434 3701 517 3775 loqui
539 3720 600 3759 non
623 3697 808 3758 conceditur.

260 3785 351 3844 XXI.
388 3785 532 3844 Germani
553 3784 681 3842 multum
705 3785 742 3842 ab
765 3785 822 3842 hac
847 3779 1065 3840 consvctudine
1089 3775 1176 3835 diffe-

174 3878 260 3944 runt,
284 3891 354 3930 nam
376 3891 475 3946 neque
487 3869 620 3928 Druides
643 3870 766 3943 habent,
791 3868 842 3943 qui
859 3868 951 3924 rebus
971 3863 1082 3921 divinis
1100 3883 1178 3939 prae-

176 3956 246 4030 sint,
269 3976 368 4030 neque
391 3954 548 4016 sacrificiis
578 3953 710 4013 student.
746 3955 878 4012 Deorum
902 3968 1026 4007 numero
1056 3967 1109 4007 303
1132 3968 1180 4008 30-
