2670 4456
568 256 688 310 LIBER
710 257 759 310 IV.
1128 265 1165 323 61

166 455 297 532 spatium
320 453 414 511 daret.
460 453 537 511 Haec
561 453 660 512 omnia
683 451 787 512 Caesar
809 452 916 511 eodem
943 452 994 510 illo
1017 454 1168 531 pertinere

167 540 379 614 arbitrabatur,
403 546 438 597 ut
465 538 558 596 tridui
584 559 669 598 mora
696 539 878 616 interposita
907 539 1024 614 equites
1055 559 1167 616 eorum,

166 626 216 701 qui
249 627 402 700 abessent,
437 631 678 698 reverterentur;
713 632 815 684 tamen
850 644 918 684 sese
959 645 1020 683 non
1048 626 1167 703 longius

164 713 284 770 milibus
307 731 455 789 passuum
477 717 620 786 quattuor
644 710 814 785 aquationis
838 730 931 768 causa
952 731 1167 788 processurum

166 819 200 857 eo
223 798 271 856 die
295 797 384 872 dixit3
408 797 468 855 huo
490 804 613 874 postero
638 796 686 854 die
715 817 805 872 quam
834 795 1075 871 frequentissimi
1098 819 1167 857 oon·

165 884 312 958 venirent,
342 891 376 941 ut
399 882 436 940 de
460 902 564 941 eorum
593 882 756 960 postulatis
788 890 995 958 cognosceret.
1041 884 1168 944 Interim

167 969 206 1028 ad
238 968 417 1047 praefectos,
454 969 505 1043 qui
539 989 607 1027 cum
641 969 720 1026 omni
754 968 892 1042 equitatu
927 976 1165 1046 antecesserant,

164 1056 264 1130 mittit,
289 1055 341 1130 qui
362 1054 552 1128 nuntiarent,
576 1074 614 1114 ne
637 1054 742 1113 hostes
770 1054 878 1131 proelio
907 1054 1096 1114 lacesserent
1126 1065 1165 1132 et,

165 1142 192 1200 si
213 1141 273 1218 ipsi
295 1141 534 1214 lacesserentur,
554 1142 755 1215 sustinerent,
775 1140 876 1216 quoad
898 1140 963 1218 ipse
989 1161 1058 1198 cum
1081 1161 1166 1201 exer-

166 1228 227 1285 citu
249 1227 375 1305 propius
399 1227 589 1285 accessisset.

249 1313 326 1370 XII.
372 1313 415 1370 At
436 1312 540 1371 hostes
564 1313 616 1370 ubi
645 1312 774 1389 primum
802 1319 924 1370 nostros
956 1313 1073 1387 equites
1096 1333 1166 1390 oon,-

166 1406 339 1476 spexerunt,
364 1419 491 1475 quorum
514 1405 579 1456 erat
602 1399 736 1474 quinque
759 1398 873 1456 milium
895 1418 1049 1473 numerus,
1074 1419 1167 1474 quum

164 1485 223 1562 ipsi
245 1505 305 1543 non
328 1485 458 1562 amplius
480 1483 588 1542 DCCC
612 1484 729 1559 equites
758 1484 915 1558 haberent,
945 1484 1026 1560 quod
1048 1485 1085 1560 ii,
1115 1488 1167 1561 qui

163 1569 367 1629 frumentandi
391 1590 483 1629 causa
494 1571 593 1628 ierant
604 1577 688 1628 trans
708 1570 836 1644 Mosam,
856 1571 990 1628 nondum
1001 1570 1165 1646 redierant,

164 1657 238 1715 nihil
260 1657 437 1714 timentibus
460 1656 583 1730 nostris,
614 1656 694 1730 quod
723 1656 818 1732 legati
847 1676 950 1714 eorum
977 1657 1067 1733 paulo
1096 1665 1166 1716 ante

166 1763 183 1800 a
215 1741 335 1801 Caesare
365 1742 572 1801 discesserant
605 1748 696 1817 atque
729 1741 755 1799 is
787 1741 852 1799 dies
880 1742 1005 1800 indutiis
1035 1751 1100 1801 erat
1128 1745 1165 1802 ab

164 1829 201 1886 iis
229 1829 353 1905 petitus,
387 1828 502 1906 impetu
534 1827 617 1886 facto
646 1827 786 1886 celeriter
813 1833 935 1886 nostros
964 1830 1165 1904 perturbave-

163 1921 242 1972 runt.
287 1915 409 1972 Rursus
431 1913 644 1973 resistentibus
667 1913 780 1972 nostris
804 1913 1023 1973 consuetudine
1048 1934 1103 1974 sua
1127 1917 1166 1975 ad

163 2000 258 2078 pedes
287 1999 488 2075 desiluerrmt3
519 1999 662 2058 suffossis
692 1999 777 2074 equis
812 2000 1078 2077 compluribusque
1112 2022 1165 2060 no·

164 2086 235 2144 stris
265 2084 393 2162 dejectis
427 2087 560 2162 reliquos
588 2087 619 2144 in
650 2084 753 2163 fugam
782 2085 976 2162 conjecerunt
1005 2094 1095 2162 atque
1122 2088 1166 2146 ita
1211 2096 1213 2098 ’

163 2172 341 2249 perterritos
365 2179 500 2249 egerunt,
524 2179 640 2230 utnon
662 2172 748 2249 prius
771 2171 845 2249 fuga
862 2172 1055 2246 desisterent,
1076 2192 1166 2247 quem

164 2258 195 2315 in
220 2265 416 2335 conspectum
444 2258 573 2334 agminis
596 2258 692 2316 nostri
719 2258 884 2317 venissent.
929 2258 967 2315 In
996 2278 1030 2316 eo
1059 2260 1164 2335 proelio

165 2363 202 2401 ex
225 2344 377 2419 equitibus
407 2344 524 2402 nostris
546 2342 769 2401 interficiuntur
803 2349 945 2418 quattuor
980 2349 1009 2401 et
1045 2352 1165 2421 septua-

165 2429 258 2506 ginta,
281 2430 313 2487 in
334 2431 382 2489 his
405 2430 453 2489 vir
477 2429 663 2487 fortissimus
685 2428 756 2487 Piso
778 2428 951 2503 Aquitanus
980 2429 1165 2506 amplissimo

166 2535 277 2592 genere
298 2524 399 2591 natus,
424 2515 512 2591 cujus
536 2534 611 2574 avus
639 2515 670 2572 in
701 2514 824 2574 civitate
855 2533 910 2572 sua
938 2533 1065 2590 regnum
1088 2517 1164 2575 obti-

163 2608 279 2676 nuerat,
303 2602 417 2660 amicus
441 2603 478 2660 ab
502 2607 610 2660 senatu
631 2607 734 2658 nostro
758 2599 938 2677 appellatus.
990 2601 1049 2659 Hic
1073 2622 1165 2677 quum

164 2686 252 2745 fratri
281 2687 445 2746 intercluso
475 2688 512 2746 ab
540 2687 680 2745 hostibus
708 2686 854 2744 auxilium
882 2685 994 2761 ferret,
1019 2687 1104 2745 illum
1128 2710 1165 2748 ex

78 2777 81 2781 ’
163 2773 297 2851 periculo
321 2773 444 2850 eripuit3
473 2773 540 2851 ipse
572 2793 649 2847 equo
682 2772 841 2831 vulnerato
876 2772 1030 2848 dejectus,
1066 2775 1165 2849 quoad

163 2858 272 2936 potuit,
300 2858 467 2917 fortissime
501 2859 623 2918 restitit.
676 2858 775 2930 Quum
806 2859 1032 2918 circumventus
1060 2861 1164 2930 multis

163 2944 339 3004 vulneribus
363 2945 497 3022 acceptis
520 2944 682 3003 cecidisset
712 2952 803 3020 atque
830 2943 863 3001 id
885 2943 993 3018 irater,
1029 2945 1081 3019 qui
1100 2946 1165 3022 jam

162 3031 269 3108 proelio
293 3037 478 3104 excesserat,
501 3030 608 3108 procul
631 3030 910 3104 animadvertisset,
930 3030 1054 3089 incitato
1086 3051 1163 3106 equo

164 3135 198 3174 se
218 3115 359 3175 hostibus
383 3116 492 3175 obtulit
514 3125 605 3192 atque
627 3115 806 3175 interfectus
830 3123 886 3174 est.

247 3202 349 3260 XIII.¹
389 3203 457 3261 Hoc
480 3201 561 3261 facto
584 3202 692 3279 proelio
707 3201 811 3260 Oaesar
832 3221 931 3276 neque
950 3200 1017 3277 jam
1040 3203 1099 3278 sibi
1121 3205 1163 3264 le-

162 3294 250 3364 gatos
274 3288 440 3347 audiendos
468 3308 566 3364 neque
595 3287 786 3346 condiciones
816 3287 1007 3370 accipiendas
1036 3289 1164 3351 arbitra-

161 3374 253 3432 batur
275 3375 312 3432 ab
335 3375 382 3449 iis,
407 3374 458 3450 qui
480 3395 535 3452 per
563 3373 665 3432 dolum
692 3380 783 3448 atque
810 3373 937 3432 insidias
964 3375 1062 3451 petita
1088 3398 1164 3455 pace

161 3459 240 3517 ultro
267 3460 382 3518 bellum
408 3460 598 3534 intulissent;
629 3466 790 3537 expectare
818 3479 907 3534 vere,
932 3459 1004 3518 dum
1030 3460 1165 3521 hostium

163 3545 258 3622 copiae
282 3552 465 3623 augerentur
487 3546 701 3621 equitatusque
723 3552 937 3620 reverteretur,
963 3565 1088 3604 summae
1112 3548 1163 3607 de-

118 3675 122 3684 .
161 3631 283 3690 mentire
307 3651 374 3690 esse
392 3631 560 3708 judicabat,
585 3638 615 3690 et
644 3631 765 3708 cognita
794 3631 951 3690 Gallorum
979 3630 1161 3708 infirmitate,

163 3723 310 3792 quantum
333 3717 399 3793 jam
428 3718 509 3795 apud
532 3736 583 3776 eos
611 3716 716 3776 hostes
743 3738 802 3776 uno
830 3717 937 3795 proelio
973 3718 1162 3779 auctoritatis

163 3810 267 3861 essent
289 3803 453 3878 consecuti,
478 3803 637 3878 sentiebat,
661 3803 771 3878 quibus
794 3803 834 3862 ad
862 3802 986 3861 consilia
1015 3803 1163 3880 capienda

161 3887 237 3946 nihil
259 3889 350 3966 spatii
373 3888 506 3947 dandum
534 3888 736 3947 existimabat.
781 3890 839 3947 His
871 3887 1042 3947 constitutis
1070 3892 1162 3950 rebus

163 3980 194 4033 et
227 3975 352 4034 consilio
388 3995 455 4033 cum
488 3974 598 4051 legatis
619 3981 652 4034 et
675 3982 826 4050 quaestore
860 3974 1089 4051 communicem,
1124 3998 1162 4037 ne
