2670 4456
521 1055 703 1137 LIBRR
732 1057 801 1140 IV.

161 1201 231 1323 Ea,
256 1265 323 1321 quae
354 1254 459 1304 secuta
482 1254 538 1321 est,
566 1247 674 1322 hieme,
704 1250 756 1323 qui
783 1247 842 1307 fuit
870 1270 967 1309 armus
996 1251 1053 1310 Gn.
1077 1252 1165 1311 Pom-

162 1336 242 1416 pejo,
271 1332 313 1390 M.
338 1330 449 1390 Crasso
479 1333 664 1409 consulibus,
695 1335 840 1412 Usipetes
871 1336 1013 1395 Germani
1042 1344 1072 1397 et
1093 1338 1166 1397 item

164 1418 305 1483 Tencteri
327 1438 438 1494 magna
461 1438 529 1476 cum
551 1420 744 1479 multitudine
767 1421 922 1480 hominum
949 1421 1062 1482 fiumen
1083 1424 1165 1484 Rhe-

162 1529 235 1568 num
257 1503 443 1563 transieruut
464 1525 525 1563 non
546 1500 637 1582 longe
666 1526 684 1565 a
706 1508 790 1581 mari,
815 1527 874 1582 quo
902 1508 1028 1568 Rhenus
1056 1509 1164 1569 influit.

165 1595 265 1654 Causa
287 1589 466 1649 transeundi
488 1590 554 1664 fuit,
579 1591 701 1666 quoda
730 1593 839 1652 Svevis
868 1595 1039 1671 complures
1070 1617 1165 1655 annos

164 1676 308 1757 exagitati
330 1675 411 1735 bello
429 1679 645 1753 premebantur
672 1684 702 1735 et
720 1678 905 1754 agricultura
915 1681 1164 1756 prohibebantur.

65 1816 75 1828 ,
164 1767 332 1826 Svevorum
354 1782 430 1838 gens
455 1769 502 1821 est
525 1763 615 1839 longe
638 1764 769 1822 maxima
792 1771 822 1823 et
844 1765 1076 1825 bellicosissima
1089 1768 1164 1826 Ger-

163 1869 319 1911 manorum
342 1842 502 1906 omnium.>
528 1849 570 1907 Hi
598 1857 719 1907 centum
746 1870 842 1927 pagos
870 1852 983 1911 habere
1013 1852 1164 1929 dicuntur,

165 1959 202 1998 ex
231 1935 341 2013 quibus
371 1935 532 2009 quotannis
561 1935 681 2011 singula
708 1936 791 1995 milia
821 1944 1004 1996 armatorum
1031 1940 1164 1998 bellandi

164 2042 258 2084 causa
281 2041 317 2080 ex
339 2018 451 2078 finibus
475 2019 617 2080 educunt.
652 2022 784 2098 Reliqui,
812 2024 862 2098 qui
880 2023 960 2082 domi
977 2033 1164 2104 manserunt,

164 2130 198 2169 se
222 2117 312 2183 atque
333 2106 403 2164 illos
427 2107 519 2165 alunt.
564 2108 607 2166 Hi
628 2128 733 2167 rursus
756 2109 787 2166 in
809 2110 907 2169 vicem
929 2131 1009 2169 anno
1036 2119 1107 2188 post
1134 2112 1166 2169 111

164 2195 256 2254 armis
279 2199 358 2266 sunt,
381 2191 426 2250 illi
449 2192 531 2251 domi
557 2201 723 2252 remanent.
775 2194 824 2253 Sic
853 2215 952 2270 neque
980 2197 1166 2272 agricultura

164 2301 220 2340 nec
254 2278 331 2338 ratio
356 2284 447 2352 atque
470 2298 545 2337 usus
578 2280 651 2338 belli
684 2280 901 2338 intermittitur.
959 2281 1020 2339 Sed
1052 2283 1165 2359 privati

162 2387 198 2426 ac
221 2364 353 2442 separati
376 2364 441 2440 agri
464 2364 546 2441 apud
569 2384 620 2423 eos
643 2365 719 2422 nihil
741 2372 798 2440 est,
821 2385 920 2441 neque
942 2366 1062 2444 longius
1086 2388 1163 2426 111110

161 2470 318 2511 remanere
351 2469 410 2508 uno
444 2450 475 2506 in
508 2450 574 2509 loco
608 2450 760 2508 incolendi
794 2471 886 2510 causa
918 2451 999 2510 licet.
1055 2453 1164 2528 Neque

162 2538 289 2596 multum
311 2534 472 2609 frumento,
497 2535 552 2593 sed
573 2536 734 2594 maximam
755 2544 875 2613 purtem
896 2537 976 2596 lacte
998 2530 1163 2618 1111110110-

162 2644 233 2682 core
256 2622 372 2696 vivunt,
396 2622 584 2697 multumque
607 2622 730 2680 suntin
758 2623 986 2698 venationibus;
1017 2645 1086 2700 quae
1113 2645 1164 2685 res

163 2717 193 2768 et
227 2708 286 2767 cibi
318 2726 429 2784 genere
460 2714 491 2766 et
519 2707 694 2783 quotidiana
713 2709 936 2768 exercitatione
965 2717 996 2769 et
1023 2711 1164 2771 libertate

162 2795 244 2870 vitae,
269 2813 360 2869 quum
383 2814 401 2851 a
422 2793 525 2870 pueris
548 2794 631 2853 nullo
660 2792 760 2853 officio
790 2802 842 2853 aut
871 2795 1033 2873 disciplina
1060 2817 1163 2857 assue-

162 2880 236 2940 facti
262 2878 338 2938 nihil
365 2879 485 2937 omnino
515 2887 622 2938 contra
648 2881 835 2940 voluntatem
863 2880 994 2957 faciant,
1019 2891 1050 2943 et
1081 2885 1163 2943 vires

164 2966 219 3025 alit
252 2975 282 3024 et
314 2965 436 3023 immani
465 2986 625 3044 corporum
653 2966 862 3042 magnitudine
894 2967 1029 3028 homines
1059 2967 1162 3027 efficit.

163 3052 265 3127 Atque
287 3052 319 3109 111
350 3070 416 3109 eam
449 3071 482 3110 se
511 3052 763 3112 consuetudinem
791 3052 996 3128 adduxertmt,
1031 3062 1065 3112 ut
1086 3055 1163 3114 locis

163 3137 369 3215 frigidissimis
391 3157 489 3212 neque
506 3138 636 3198 vestitus
658 3145 772 3215 praeter
793 3138 889 3215 pelles
911 3138 1059 3198 haberent
1081 3141 1164 3215 quic·

165 3243 262 3298 quam,
286 3243 413 3298 quarum
440 3231 566 3301 propter
595 3225 792 3300 exiguitatem
813 3244 936 3300 magna,
953 3233 1000 3284 est
1030 3228 1164 3304 corporis

112 3300 114 3307 ¹
163 3329 235 3387 pars
259 3316 373 3387 aperta,
397 3315 428 3367 et
449 3310 625 3370 lavarentur
646 3310 678 3368 in
700 3308 884 3368 fluminibus.

249 3395 293 3453 H.
327 3394 550 3455 Mercatoribus
574 3403 623 3454 est
647 3393 696 3468 sad
720 3393 781 3467 eos]
806 3395 906 3454 aditus
929 3397 1027 3474 magis
1051 3417 1096 3473 00,
1119 3406 1163 3472 ut,

165 3500 233 3555 quae
255 3479 334 3539 bello
359 3481 502 3558 ceperiut,
527 3481 637 3557 quibus
659 3481 803 3555 vendant,
826 3481 968 3557 habeant,
993 3503 1083 3558 quam
1106 3504 1164 3558 quo

164 3565 256 3624 ullam
277 3585 342 3624 rem
364 3566 402 3624 ad
425 3585 458 3625 se
480 3567 638 3644 importari
655 3567 838 3626 desiderent.
892 3568 971 3639 Quin
1000 3569 1091 3627 etiam
1114 3568 1164 3644 ju-

164 3651 285 3723 mentis,
309 3651 418 3726 quibus
440 3653 569 3712 maxime
583 3653 663 3712 Galli
681 3653 881 3729 delectantur,
906 3672 1033 3728 quaeque
1050 3652 1164 3730 impen-

166 3755 200 3796 so
222 3744 332 3814 parant
359 3738 466 3813 pretio,
491 3739 634 3797 Germani
660 3739 831 3816 importatis
859 3759 919 3797 11011
946 3745 1084 3813 utuntur,
1110 3740 1165 3798 sed

166 3842 234 3898 quae
263 3828 334 3881 sunt
356 3823 437 3900 apud
465 3843 517 3882 eos
550 3831 631 3899 nata,
659 3845 756 3902 parva
784 3831 874 3899 atque
896 3819 1067 3898 deformia,
1098 3825 1164 3886 haec

167 3907 342 3982 quotidiana
365 3909 590 3984 exercitatione,
615 3911 723 3968 summi
744 3916 779 3968 ut
802 3910 862 3968 sint
883 3909 1006 3985 laboris,
1019 3909 1164 3970 efficiunt.

165 3993 368 4069 Equestribus
401 3994 516 4073 proeliis
550 4015 633 4073 saepe
668 4017 705 4055 ex
733 3995 819 4071 equis
853 3995 997 4054 desiliunt
1019 4016 1054 4056 10
1077 3997 1162 4075 pedi·
