2670 4456
168 265 228 322 156
470 257 522 310 DE
540 254 669 310 BELLO
688 255 867 311 GALLIGO.

165 459 298 531 pectant.
350 451 483 510 Maxime
516 451 555 510 ad
588 452 760 530 superiores
793 451 976 511 munitiones
1002 451 1172 527 laboratur,

166 559 224 615 quo
253 537 573 598 Vercassivellaunum
600 538 728 597 missum
758 537 1044 598 demonstravimus.
1096 538 1173 596 Exi-

164 644 258 702 guum
280 623 339 683 loci
363 624 401 682 ad
421 623 627 684 declivitatem
649 622 805 700 fastigium
827 644 971 700 magnum
992 623 1085 682 habet
1107 644 1173 683 mo-

166 717 309 768 mentum.
344 710 405 768 Alii
423 709 485 768 tele
502 709 675 786 conjiciunt,
697 709 748 768 alii
759 709 914 768 testudine
925 707 1010 768 facta
1021 711 1172 784 subeunt;

167 795 345 872 defatigatis
356 796 387 854 in
398 796 498 855 vicem
508 795 621 872 integri
633 795 809 854 succedunt.
844 796 951 873 Agger
963 797 1000 854 ab
1012 795 1170 856 universis

165 882 197 940 in
219 881 415 940 munitionem
438 880 594 957 conjectus
624 889 654 940 et
684 900 844 941 ascensum
872 881 925 941 dat
947 881 1046 940 Gallis
1069 888 1101 940 et
1125 901 1173 957 ea,

168 987 237 1043 quae
260 967 291 1025 in
313 975 396 1026 terra
418 967 646 1027 occultaverant
674 967 814 1042 Romani,
844 968 992 1044 contegit;
1022 988 1079 1027 nec
1106 967 1175 1044 jam

166 1073 249 1113 arma
270 1054 384 1112 nostris
406 1073 463 1111 nec
485 1053 567 1113 vires
591 1060 766 1131 suppetunt.

251 1139 433 1198 LXXXVI.
467 1139 526 1197 His
547 1140 640 1198 rebus
663 1140 792 1216 cognitis
806 1138 910 1198 Gaesar
920 1139 1090 1198 Labienum
1102 1159 1175 1198 oum

166 1225 341 1284 cohortibus
364 1244 418 1283 sex
441 1224 578 1283 subsidio
601 1225 811 1284 laborantibus
833 1225 941 1299 mittit3
970 1225 1111 1302 imperat,
1145 1226 1175 1284 si

167 1311 318 1370 sustinere
340 1331 400 1369 non
417 1311 524 1388 possit,
548 1310 688 1369 deductis
717 1311 893 1370 cohortibus
917 1312 1075 1389 eruptione
1093 1332 1175 1389 pug-

166 1404 228 1467 net,
251 1396 292 1471 id,
316 1397 375 1455 m'si
397 1396 580 1471 necessario,
612 1416 651 1455 ne
678 1396 782 1456 faciat.
837 1397 911 1475 lpse
934 1397 999 1456 adit
1019 1397 1174 1473 reliquos;

169 1481 353 1556 cohortatur,
388 1502 427 1541 ne
457 1481 554 1540 labori
577 1484 791 1557 succumbant3
828 1483 959 1541 omnium
982 1483 1176 1561 superiorum

168 1566 394 1626 dimicationum
416 1566 548 1626 fructum
570 1568 601 1626 in
625 1588 659 1627 eo
683 1568 732 1628 die
761 1576 852 1643 atque
879 1569 954 1627 hora
982 1568 1072 1627 docet
1101 1588 1175 1627 con-

168 1653 287 1712 sistere.
332 1653 499 1713 Inten'ores
523 1653 694 1731 desperatis
723 1655 945 1732 campestribus
975 1654 1053 1713 locis
1079 1675 1174 1735 prop-

165 1747 212 1798 ter
245 1740 482 1816 magnitudinem
513 1741 712 1798 munitionum
745 1740 813 1799 loca
851 1747 1007 1818 praerupta
1042 1759 1176 1800 escensu

166 1832 297 1899 tentunt;
321 1825 381 1884 huc
404 1845 448 1899 ea,
474 1845 541 1901 quae
563 1834 756 1903 paraverant,
779 1825 952 1899 conferunt,
976 1825 1176 1885 multitudine

165 1911 294 1969 telorum
318 1930 355 1969 ex
377 1911 511 1969 turribus
534 1921 761 1989 propugnantes
790 1911 967 1986 deturbant3
1000 1932 1113 1988 aggere
1143 1920 1176 1972 et

168 1996 304 2054 cratibus
326 1995 427 2055 fossas
452 1997 590 2073 explent3
615 1996 745 2056 falcibus
775 1998 888 2056 vallum
911 2018 947 2056 ac
975 1998 1101 2056 loricam
1125 2019 1175 2058 re·

169 2080 320 2139 scindunt.

249 2167 448 2226 LXXXVII.
493 2168 588 2226 Mittit
605 2168 701 2245 primo
713 2168 842 2227 Brutum
860 2169 1084 2229 adolescentem
1103 2189 1174 2228 cum

164 2253 339 2312 cohortibus
365 2253 483 2330 Caesar,
518 2262 589 2332 post
617 2275 685 2313 cum
708 2255 776 2313 aliis
800 2255 837 2314 G.
861 2254 991 2314 Fabium
1013 2256 1170 2332 legatum3

147 2347 317 2416 -postremo
346 2341 428 2417 ipse,
461 2361 552 2415 quum
575 2341 783 2400 vehementius
805 2349 1006 2419 pagnaretur,
1029 2342 1171 2418 integros

165 2425 301 2484 subsidio
325 2425 457 2484 adducit.
492 2427 646 2486 Restituto
669 2426 776 2503 proelio
801 2447 836 2486 ac
858 2427 990 2504 repulsis
1015 2427 1169 2503 hostibus,

165 2531 210 2585 eo,
235 2531 293 2586 quo
305 2512 474 2570 Labienum
497 2513 630 2587 miserat,
661 2512 826 2587 contendit,
855 2513 995 2572 cohortes
1027 2520 1173 2588 quattuor

164 2615 201 2654 ex
223 2599 361 2673 proximo
386 2598 512 2656 castello
536 2598 673 2671 deducit,
698 2599 833 2673 equitum
861 2607 980 2677 partem
1008 2618 1041 2656 se
1071 2599 1169 2675 sequi,

166 2689 285 2759 partem
324 2683 482 2740 circumire
518 2684 684 2741 exteriores
723 2685 906 2744 munitiones
947 2692 977 2742 et
1010 2686 1047 2743 ab
1081 2692 1170 2762 tergo

162 2767 266 2825 hostes
290 2767 508 2843 adoririjubet.
543 2769 708 2841 Labienus,
732 2778 894 2848 postquam
916 2790 1015 2846 neque
1038 2790 1170 2848 aggeres

162 2872 261 2927 neque
295 2851 387 2911 fossae
421 2853 482 2912 vim
516 2854 648 2912 hostium
682 2855 833 2915 sustinere
866 2863 1017 2934 poterant,
1054 2857 1170 2915 coactis

164 2958 224 2996 una
245 2938 296 2996 XI
324 2939 514 3014 cohortibus,
544 2959 620 3014 ques
651 2960 688 2998 ex
710 2943 856 3018 proximis
878 2942 1031 3020 praesidiis
1056 2942 1169 3001 deduc-

163 3030 211 3082 tas
232 3023 298 3083 fors
321 3025 440 3100 obtulit,
465 3024 617 3084 Oaesarem
650 3046 706 3103 per
738 3028 861 3087 nuntios
893 3027 968 3087 facit
997 3029 1169 3102 certiorem,

164 3109 236 3185 quid
258 3109 433 3169 faciendum
457 3111 617 3170 existimet.
663 3112 825 3172 Accelerat
854 3113 967 3189 Caesar,
996 3121 1030 3172 ut
1060 3114 1169 3191 proelio

163 3194 291 3254 intersit.

247 3281 465 3342 LXXXVIII.
499 3282 578 3359 Ejus
602 3283 735 3342 adventu
759 3304 796 3343 ex
821 3285 920 3343 colore
942 3285 1073 3344 vestitus
1097 3304 1168 3361 cog-

147 3367 227 3448 nito
262 3364 331 3442 [quo
364 3368 476 3445 insigni
504 3369 536 3427 in
565 3370 681 3447 proeliis
717 3371 761 3428 uti
792 3368 964 3443 consverat]
998 3370 1169 3445 numisque

162 3452 297 3528 equitum
319 3460 350 3512 et
372 3454 546 3513 cohortibus
569 3456 654 3530 visis,
679 3475 755 3530 quas
784 3475 818 3514 se
846 3457 931 3531 sequi
951 3457 1105 3532 jusserat,
1134 3462 1169 3514 ut

162 3539 200 3596 de
227 3539 303 3597 locis
327 3540 533 3617 superioribus
556 3541 622 3599 haec
645 3541 776 3601 declivia
806 3548 837 3600 et
860 3542 977 3604 devexa
1000 3543 1168 3602 cerneban-

161 3632 219 3699 tur,
243 3625 348 3684 hostes
373 3626 515 3703 proelium
539 3627 740 3685 committunt.
786 3627 936 3703 Utrinque
949 3629 1080 3687 clamore
1094 3629 1166 3686 sub-

161 3709 223 3768 lato
247 3711 359 3789 excipit
381 3730 487 3770 rursus
517 3730 553 3770 ex
586 3712 666 3771 vallo
698 3720 789 3787 atque
823 3714 961 3772 omnibus
995 3714 1167 3773 munitioni-

161 3797 220 3855 bus
243 3797 363 3856 clamor.
408 3796 514 3856 Nostri
545 3798 665 3856 omissis
699 3798 769 3875 pilis
802 3799 914 3874 gladiis
947 3819 1012 3858 rom
1045 3808 1165 3877 gerimt.

161 3881 302 3958 Repente
329 3889 400 3960 post
427 3890 547 3959 tergum
576 3883 729 3958 equitatus
759 3885 901 3960 cernitur,
933 3885 1073 3945 cohortes
1097 3885 1167 3945 aliae

162 3968 416 4046 appropinquent,
452 3968 556 4027 hostes
592 3976 679 4046 terga
708 3977 841 4046 vortunt,
871 3969 1060 4047 fugientibus
1083 3971 1166 4047 equi-
