2670 4456
542 250 663 305 LIBER
679 251 760 306 vm.
1105 261 1166 319 167

163 453 229 529 ipso
252 447 328 507 fiunt
351 445 533 523 superiores,
558 445 640 522 quod
666 446 782 506 nullum
809 447 847 506 ab
870 446 1086 507 insidiantibus
1109 442 1166 507 im-

163 535 329 615 prudentes
363 537 545 610 acceperant
572 531 795 592 detrimentum.
849 533 1012 593 Accednnt
1038 534 1165 613 propius

161 622 285 682 interim
312 618 463 696 legiones,
494 617 654 693 crebrique
690 617 797 678 eodem
823 626 961 697 tempore
990 626 1021 680 et
1052 622 1166 680 nostris

163 718 195 769 et
215 706 355 767 hostibus
376 703 476 763 nuntii
498 701 668 763 afferuntur
689 704 904 781 imperatorem
933 706 1092 766 instructis
1115 727 1165 767 oo·

162 795 221 873 piis
244 792 362 853 adesse.
408 789 476 861 Qua
502 809 536 848 re
566 789 688 866 cognita
720 790 864 868 praesidio
898 792 1067 851 cohortium
1095 812 1165 852 con-

160 880 211 940 fisi
231 878 329 938 nostri
351 875 496 936 acerrime
517 875 705 953 praeliantur,
728 894 777 952 ne,
800 876 827 935 si
856 877 975 936 tardius
1004 897 1069 937 rem
1097 898 1166 956 ges-

163 969 285 1039 sissent,
320 961 456 1023 vietoriae
489 960 618 1039 gloriam
641 962 881 1022 communicasse
905 982 974 1022 cum
996 963 1166 1040 legionibus

162 1052 347 1114 viderentur.
403 1047 518 1106 Hostes
547 1046 711 1106 concidunt
744 1041 852 1107 animis
886 1055 977 1124 atque
1004 1049 1165 1109 itineribus

163 1137 293 1198 diversis
315 1133 421 1211 fugam
443 1138 583 1208 quaerrmt
604 1133 819 1209 nequicquam;
841 1153 912 1193 nam
945 1135 1056 1211 quibus
1085 1135 1165 1195 diffi-

163 1223 328 1283 cultatibus
367 1220 503 1278 locorum
542 1219 697 1280 Romanos
737 1219 879 1279 claudere
918 1220 1093 1296 voluerant,
1127 1223 1165 1281 iis

161 1310 221 1388 ipsi
248 1307 442 1367 tenebantur.
476 1305 560 1365 Victi
580 1305 705 1365 tandem
726 1306 920 1384 perculsique
943 1306 1059 1383 majore
1074 1315 1162 1385 parte

162 1396 283 1469 amissa,
307 1412 367 1468 quo
389 1390 453 1450 fors
475 1391 596 1467 tulerat,
621 1392 808 1452 consternati
829 1391 1021 1470 profugiunt,
1051 1394 1163 1472 partim

161 1481 248 1542 silvis
276 1478 390 1557 petitis,
413 1476 525 1554 partim
546 1475 684 1552 flumine;
709 1478 761 1553 qui
782 1486 885 1537 tamen
914 1478 945 1537 in
972 1477 1047 1557 fuga
1069 1500 1088 1539 a
1108 1500 1161 1539 no·

163 1567 236 1627 stris
270 1565 381 1624 acriter
413 1562 645 1637 insequentibus
679 1562 887 1639 conficiuntur,
921 1584 1014 1640 quum
1041 1565 1163 1625 interim

45 1682 47 1687 ·
162 1653 247 1712 nulla
270 1650 443 1709 calamitate
465 1648 566 1708 victus
590 1647 720 1709 Correus
744 1649 892 1709 excedere
919 1650 1026 1728 proelio
1055 1652 1163 1711 silvas-

162 1759 221 1815 que
242 1744 348 1815 petere
371 1741 424 1793 aut
445 1733 646 1794 invitantibus
668 1735 781 1794 nostris
804 1735 843 1794 ad
863 1735 1047 1796 deditionem
1065 1738 1165 1814 potuit

162 1824 282 1897 adduci,
307 1821 379 1897 quin
406 1819 572 1880 fortissime
598 1821 768 1899 proeliando
798 1821 1029 1899 compluresque
1058 1823 1163 1883 vulne·

161 1910 257 1970 raudo
270 1913 393 1984 cogeret
405 1906 501 1965 elatos
512 1907 670 1966 iracundia
685 1907 819 1968 victores
839 1907 871 1966 in
883 1927 916 1967 se
928 1907 990 1967 tela
1002 1909 1162 1987 conjicere.

247 1994 320 2052 XX.
366 1992 434 2051 Tali
461 1992 550 2052 modo
578 2013 612 2052 re
634 2001 723 2070 gesta
750 1993 926 2053 recentibus
947 1995 1048 2072 proehi
1070 1996 1164 2055 vesti-

161 2083 221 2160 giis
243 2081 402 2156 ingressus
426 2077 531 2137 Caesar
553 2099 645 2154 quum
656 2079 756 2141 victos
775 2085 862 2139 tanta
874 2080 1047 2140 calamitate
1059 2081 1163 2141 existi-

162 2173 260 2227 maret
281 2167 386 2225 hostes
404 2165 509 2223 nuntio
528 2172 654 2242 accepto
678 2166 778 2224 locum
804 2171 974 2224 castrorum
992 2166 1163 2240 relicturae,

162 2273 231 2330 quae
260 2271 321 2311 non
354 2250 474 2327 longius
496 2251 534 2309 ab
569 2271 605 2309 ee
634 2251 719 2309 caede
749 2252 857 2310 abesae
880 2251 950 2328 plus
972 2252 1072 2310 minus
1095 2259 1164 2311 octo

163 2339 285 2398 milibus
309 2336 497 2409 dicebantur,
520 2336 641 2394 tametsi
662 2334 784 2394 flumine
805 2336 984 2413 impeditum
1003 2337 1165 2396 transitum

163 2425 297 2497 videbat,
320 2429 423 2480 tamen
446 2420 581 2480 exercitu
603 2421 744 2480 traducto
768 2421 974 2499 progreditur.
1008 2423 1052 2481 At
1061 2422 1164 2481 Bello·

162 2511 232 2571 vaci
254 2509 441 2584 reliquaeque
464 2507 605 2566 civitates
623 2514 754 2586 ¹repente
777 2527 815 2566 ex
836 2506 911 2584 fuga
932 2508 1049 2585 paucis,
1074 2514 1165 2585 atque

165 2597 203 2655 iis
226 2593 405 2668 vulneratis,
433 2593 586 2670 receptis,
619 2594 671 2669 qui
706 2593 852 2653 silvarum
884 2591 1032 2653 beneficio
1061 2612 1166 2654 casum

163 2683 364 2754 evitaverant,
388 2679 528 2738 omnibus
551 2679 689 2740 adversis
713 2676 845 2756 [cognita
867 2677 1048 2753 calamitate]
1071 2680 1164 2739 inter-

162 2767 244 2827 fecto
276 2765 404 2839 Comae,
439 2765 550 2823 amisso
580 2765 717 2841 equitatu
745 2773 775 2825 et
801 2763 977 2825 fortissimis
999 2765 1164 2843 peditibus,

162 2873 255 2930 quum
277 2851 443 2911 adventare
465 2851 620 2910 Romanos
644 2851 863 2927 existimarent,
887 2851 1014 2911 concilio
1037 2860 1164 2930 repente

163 2947 255 2999 cantu
277 2938 419 2996 tubarum
441 2945 607 2998 convocato
632 2939 832 3012 conclamant,
862 2938 958 3014 legati
981 2937 1165 3013 obsidesque

162 3025 202 3084 ad
225 3023 378 3083 Caesarem
398 3022 567 3081 mittantur.

246 3108 339 3168 XXI.
374 3108 442 3166 Hoc
466 3109 605 3168 omnibus
627 3109 756 3186 probato
769 3108 894 3168 consilio
908 3107 1062 3168 Commius
1073 3107 1164 3169 Atre·

161 3197 218 3255 bas
242 3194 281 3254 ad
304 3212 357 3253 eos
380 3191 517 3271 confugit
540 3193 726 3269 Germanos,
757 3215 775 3254 a
798 3194 908 3270 quibus
937 3194 1029 3254 adid
1051 3193 1165 3254 bellum
1189 3260 1192 3265 ,

162 3281 275 3341 auxilia
307 3285 462 3338 mutuatus
496 3287 571 3338 erat.
629 3279 730 3339 Oeteri
758 3300 774 3339 e
807 3280 937 3357 vestigio
971 3281 1096 3340 mittunt
1125 3280 1165 3340 ad

163 3367 317 3426 Gaesarem
338 3366 457 3441 legatos
479 3372 656 3443 petuntque,
686 3373 719 3424 ut
750 3386 786 3424 ea
813 3385 904 3443 poena
934 3367 974 3425 sit
1003 3372 1164 3426 contentus

161 3454 304 3526 hostium,
328 3471 418 3525 quam
436 3451 462 3510 si
479 3452 545 3510 sine
563 3450 755 3510 dimicatione
771 3450 886 3511 inferre
902 3452 1029 3529 integris
1046 3461 1162 3529 posset,

161 3560 217 3617 pro
241 3557 298 3597 sua
327 3536 487 3595 clementia
516 3545 608 3613 atque
630 3537 819 3596 humanitate
847 3557 1003 3612 nunquam
1024 3535 1163 3614 profecto

162 3631 246 3684 esset
273 3622 428 3696 illaturus;
459 3620 591 3681 afflictas
621 3643 694 3700 opes
724 3623 858 3698 equestri
885 3622 992 3701 proeho
1020 3622 1163 3683 Bellova·
1263 3684 1265 3689 Α

162 3729 267 3769 corum
290 3725 373 3780 esse3
397 3706 585 3767 delectorum
607 3708 745 3786 peditum
772 3709 868 3767 multa
898 3708 981 3767 milia
1002 3708 1162 3782 interisse;

162 3797 214 3855 vix
235 3792 389 3869 refugisse
412 3793 534 3852 nuntios
558 3793 667 3868 oaedis;
692 3802 793 3853 tamen
815 3813 967 3870 magnum,
989 3793 1164 3853 utintauta

163 3880 345 3952 calamitate,
368 3877 551 3939 Bellovacos
581 3899 616 3937 eo
645 3880 753 3956 proelio
783 3879 972 3939 commodum
1000 3897 1070 3938 esse
1093 3899 1164 3939 con·

162 3971 295 4040 secutos,
319 3963 401 4038 quod
425 3963 566 4039 (terrena,
590 3971 696 4023 auctor
717 3965 799 4040 belli,
829 3965 997 4025 concitator
1025 3963 1163 4026 multitu-
