2670 4456
559 279 680 334 mama
698 280 747 335 Vl·
1109 294 1169 350 115

165 475 296 536 victores
318 475 467 534 barbaros
489 475 612 536 venisse
635 476 805 549 contendit;
829 477 967 554 plerique
990 497 1086 538 novas
1110 478 1170 537 sibi

164 579 202 620 ex
229 560 296 620 loco
323 560 487 637 religiones
515 559 635 638 fingunt
667 559 825 637 Gottaeque
860 569 892 621 et
914 563 1023 623 Titurii
1047 563 1168 623 calami·

163 640 274 721 tatem,
305 646 356 721 qui
386 647 418 704 in
446 646 553 705 eodem
581 647 748 706 occiderint
786 647 929 723 castello,
965 656 1035 708 ante
1064 649 1169 709 oculos

162 739 287 810 ponunt.
344 732 412 791 'Pali
444 732 552 791 timore
587 733 728 791 omnibus
768 734 939 810 perterritis
974 733 1170 794 confirmatur

163 818 263 896 opinio
284 818 440 891 barbarie,
475 825 510 876 ut
539 838 577 877 ex
609 818 732 895 captivo
762 819 936 893 audierant,
960 821 1077 879 nullum
1100 840 1170 880 esse

162 904 245 965 intus
274 903 460 980 praesidium.
511 903 712 982 Perrumpere
740 905 878 963 nituntur
907 924 1001 981 seque
1030 907 1089 984 ipsi
1118 906 1170 965 ad-

163 990 331 1059 hortentur,
354 1008 393 1048 ne
415 996 533 1048 tantam
555 988 710 1048 fortunam
733 1009 771 1048 ex
794 991 935 1049 manibus
959 990 1124 1050 dimittant.

247 1074 438 1133 XXXVIII.
483 1075 560 1133 Erat
583 1096 665 1152 aeger
686 1075 719 1133 in
740 1075 885 1153 praesidio
908 1076 1034 1135 relictus
1046 1077 1081 1135 P.
1096 1075 1170 1135 Sex-

162 1161 224 1220 tius
246 1160 392 1235 Baculus,
417 1160 469 1236 qui
491 1161 621 1238 primum
643 1160 738 1239 pilum
761 1162 844 1238 apud
857 1160 1012 1221 Caesarem
1030 1162 1169 1236 duxerat,

163 1245 251 1323 cujus
273 1245 457 1305 mentionem
479 1247 690 1323 superioribus
711 1247 828 1324 proeliis
857 1246 1001 1324 fecimus,
1031 1267 1066 1307 ac
1090 1248 1171 1306 diem

159 1330 225 1409 jam
247 1332 386 1407 quintum
409 1333 477 1392 cibo
500 1339 649 1391 caruerat.
678 1332 738 1391 Hic
762 1331 882 1391 diffisus
906 1353 970 1392 suae
994 1343 1086 1409 atque
1108 1353 1170 1392 om-

162 1417 245 1476 nium
267 1418 361 1476 saluti
381 1418 505 1477 inermis
529 1438 567 1476 ex
588 1418 786 1477 tabernaculo
816 1418 935 1496 prodit;
967 1419 1052 1480 videt
1073 1418 1170 1477 immi-

162 1522 235 1562 nere
256 1503 362 1562 hostes
385 1510 476 1578 atque
498 1503 530 1561 in
560 1523 677 1563 summo
708 1523 777 1563 esse
804 1525 870 1563 rem
899 1505 1089 1578 discrimine3
1122 1524 1171 1564 ca-

162 1588 208 1667 pit
236 1609 319 1648 arma
348 1609 366 1646 a
393 1589 539 1666 proximis
568 1596 659 1664 atque
688 1590 720 1648 in
743 1597 832 1667 porta
860 1590 1010 1649 consistit.
1058 1589 1172 1649 Conse·

163 1681 297 1749 quuntur
317 1674 399 1732 hunc
422 1675 614 1734 centuriones
638 1674 705 1751 ejus
730 1675 874 1750 cohortis,
900 1695 968 1751 quae
992 1675 1172 1734 instatione

163 1766 230 1819 erat
237 1779 244 1833 ;
267 1760 425 1837 paulisper
445 1780 521 1818 una·
534 1761 676 1837 proelium
705 1760 866 1820 sustinent.
920 1759 1080 1835 Relinquit
1109 1760 1171 1818 ani-

162 1864 229 1904 mus
252 1844 390 1904 Sextium
423 1846 570 1922 gravibus
605 1847 739 1923 acceptis
768 1847 965 1920 vulneribus;
1001 1865 1083 1923 aegre
1117 1866 1173 1924 per

162 1950 269 1989 manns
292 1938 410 1989 tractus
433 1939 581 1991 servatur.
627 1932 696 1991 Hoc
726 1933 826 2010 spatio
854 1932 1034 2010 interposito
1064 1931 1173 2007 reliqui

163 2035 232 2076 sese
261 2014 441 2075 confirmant
469 2023 596 2091 tantum,
633 2025 667 2076 ut
695 2018 727 2076 in
757 2018 975 2077 munitionibus
1004 2018 1173 2077 consistere

164 2101 295 2160 audeant
318 2102 512 2178 speciemque
535 2101 730 2162 defensorum
752 2106 920 2181 praebeant.

249 2186 406 2245 XXXIX.
451 2188 580 2247 Interim
592 2189 733 2249 confecta
743 2189 980 2248 frumentatione
992 2189 1104 2246 milites
1116 2208 1169 2246 no·

164 2273 220 2331 stri
253 2273 417 2331 clamorem
450 2274 626 2349 exaudiunt,
660 2284 852 2351 praecurrunt
886 2274 1021 2348 equites,
1057 2280 1170 2347 quanto

163 2376 214 2416 res
237 2358 331 2416 sitin
352 2359 497 2435 periculo,
521 2370 719 2436 cognoscunt.
772 2359 832 2418 Hic
862 2378 934 2419 vero
962 2359 1047 2416 nulla
1074 2358 1170 2415 muni·

164 2442 207 2502 tio
230 2450 287 2517 est,
312 2464 380 2518 quae
401 2445 582 2521 perterritos
606 2445 748 2522 recipiat,
773 2445 863 2504 modo
888 2443 1053 2520 conscripti
1078 2451 1170 2518 atque

164 2547 239 2586 usus
260 2529 399 2588 militaris
422 2530 555 2608 imperiti
578 2530 617 2588 ad
639 2531 794 2588 tribunum
816 2530 946 2588 militum
963 2528 1170 2588 centuriones-

164 2633 224 2689 que
257 2635 310 2674 ora
344 2622 539 2690 convertunt;
576 2616 650 2692 quid
683 2617 721 2674 ab
749 2616 797 2674 his
827 2617 1033 2694 praecipiatur,
1063 2634 1171 2691 expec-
1259 2644 1261 2647 ·

164 2705 241 2758 tant.
286 2699 383 2760 Nemo
407 2708 454 2759 est
477 2708 540 2760 tam
562 2700 668 2776 fortis,
693 2703 767 2778 quin
788 2703 832 2760 rei
854 2702 990 2761 novitate
1013 2701 1171 2779 perturbe-

165 2793 224 2843 tur.
269 2786 400 2844 Barbari
422 2786 511 2863 signa
531 2790 639 2865 procul
669 2788 837 2866 conspicati
866 2787 1091 2866 oppugnatione
1120 2784 1171 2843 de-

166 2870 294 2944 sistunt,
318 2871 436 2932 redisse
470 2873 567 2950 primo
599 2874 736 2950 legiones
767 2875 904 2948 credunt,
940 2892 1017 2948 quas
1050 2870 1172 2947 longius

167 2954 349 3015 discessisse
384 2977 421 3016 ex
455 2959 585 3034 captivis
620 2965 841 3035 cognoverant;
884 2968 993 3035 postea
1026 2956 1173 3031 despecta

165 3041 320 3118 paucitate
343 3062 381 3101 ex
404 3043 542 3102 omnibus
565 3045 703 3121 partibus
725 3044 872 3122 impetum
893 3042 1020 3101 faciunt.

252 3126 321 3185 XL.
374 3127 504 3186 Calones
536 3129 568 3187 in
595 3130 765 3206 proximum
792 3128 943 3188 tumulum
972 3132 1170 3204 procurrunt3

166 3211 237 3270 hinc
265 3213 405 3272 celeriter
435 3213 548 3290 dejecti
581 3234 614 3273 se
641 3215 673 3272 in
701 3216 789 3290 signa
817 3213 1048 3290 manipulosque
1077 3210 1171 3287 conji-

168 3297 265 3371 ciunt3
300 3318 335 3357 eo
363 3299 461 3376 magis
489 3299 612 3358 timidos
640 3307 811 3376 perterrent
838 3299 959 3358 milites.
1013 3296 1091 3371 Alii,
1121 3316 1171 3354 cu-

167 3402 226 3441 neo
241 3381 325 3442 facto
342 3392 377 3442 ut
394 3385 533 3444 celeriter
556 3392 764 3463 perrumpant,
789 3391 929 3458 censent;
951 3384 1092 3460 quoniam
1108 3390 1172 3440 tam

167 3467 339 3545 propinqua
361 3470 423 3528 sint
445 3477 555 3545 castra,
580 3471 639 3529 etsi
665 3489 738 3548 pars
761 3470 863 3545 aliqua
887 3470 1094 3530 circumventa
1123 3486 1172 3525 ce-

169 3552 287 3628 ciderit,
311 3562 344 3612 at
364 3555 498 3630 reliquos
527 3557 644 3616 servari
672 3575 764 3633 posse
795 3554 965 3630 confidunt;
995 3554 1061 3626 alii,
1084 3550 1172 3609 utin

165 3637 241 3716 jugo
265 3640 435 3699 consistant
456 3648 548 3717 atque
567 3642 697 3700 eundem
715 3641 940 3701 omnesferant
957 3658 1070 3698 casum.
1104 3634 1173 3693 Hoc

169 3732 290 3784 veteres
312 3746 374 3784 non
394 3727 526 3804 probant
547 3728 669 3803 milites,
694 3747 770 3802 quos
793 3729 850 3786 sub
880 3725 992 3786 vexillo
1020 3743 1081 3780 una
1103 3740 1172 3798 pro-

169 3808 268 3868 fectos
301 3810 468 3870 docuimus.
520 3812 631 3887 Itaque
664 3813 743 3871 inter
776 3831 809 3871 se
844 3810 993 3870 cohortati
1026 3807 1104 3865 duce
1135 3804 1172 3864 G.

170 3894 332 3971 Trebonio,
356 3897 457 3972 equite
479 3897 633 3971 Romane,
663 3899 714 3973 qui
736 3897 774 3957 iis
797 3905 864 3957 erat
891 3893 1086 3973 praepositus,
1118 3911 1174 3968 per
1244 3972 1248 3977 ι

169 3980 287 4039 medios
314 3981 420 4042 hostes
447 3990 648 4059 perrumpunt
675 3983 903 4056 incolumesque
933 3979 972 4039 ad
993 3998 1087 4038 unum
1111 3996 1173 4035 om-

970 4074 1002 4128 8*
