2670 4456
564 264 686 318 nrsnn
704 266 738 320 v.
1121 277 1160 334 75

153 458 302 532 omnibus,
328 477 404 533 quos
432 459 610 518 nominatim
639 469 836 532 evocaverat,
868 463 1044 521 consolatus
1066 462 1160 521 ludu-

152 545 313 603 tiomarum
334 544 535 620 hortatusque
558 553 614 619 est,
639 545 726 603 utin
754 545 855 605 officio
885 556 1036 621 maneret;
1067 548 1160 607 nihilo

153 638 254 688 tamen
277 629 378 688 secius
400 630 589 708 principibus
618 631 813 690 Trevirorum
843 632 882 691 ad
911 653 944 691 se
975 635 1160 709 convocatio,

152 716 208 774 hos
231 715 408 792 singillatim
433 713 620 792 Cingetorigi
651 717 838 790 conciliavit3
868 719 949 793 quod
978 740 1070 794 quum
1099 740 1160 779 me-

152 801 210 859 rito
234 800 301 876 ejus
324 822 342 859 a
365 821 398 859 se
420 800 487 859 fieri
509 801 708 878 intelligebat,
732 809 796 861 tum
820 805 921 879 magni
944 805 1094 864 interesse
1114 827 1160 865 ar-

153 887 325 944 bitrabatur
348 885 416 962 ejus
439 887 651 946 auctoritatem
673 888 753 946 inter
776 909 849 948 suos
880 909 970 964 quam
998 891 1161 968 plurimum

154 972 264 1046 valere,
289 971 378 1048 cujus
400 979 464 1031 tam
487 973 640 1049 egregiam
673 974 704 1031 in
734 993 767 1032 se
797 974 986 1034 voluntatem
1015 997 1160 1054 perspex-

152 1057 237 1117 isset.
283 1057 323 1116 Id
344 1058 415 1115 tulit
436 1056 553 1116 factum
575 1059 710 1134 graviter
723 1059 961 1135 Indutiomarus,
987 1080 1073 1119 suam
1092 1084 1161 1138 gra-

153 1143 226 1201 tiam
247 1143 328 1201 inter
351 1162 424 1202 suos
446 1143 549 1219 minui,
575 1151 614 1219 et,
640 1145 692 1220 qui
710 1144 776 1221 jam
800 1154 870 1204 ante
892 1146 1013 1204 inimico
1043 1147 1074 1205 in
1104 1168 1160 1206 nos

155 1229 253 1287 animo
277 1228 397 1304 fuisset,
421 1228 516 1287 multo
540 1231 665 1306 gravius
688 1231 745 1290 hoc
769 1231 873 1290 dolore
897 1232 1020 1291 exarsit.

238 1315 276 1375 V.
321 1314 380 1373 His
402 1316 495 1374 rebus
526 1316 701 1375 constitutis
726 1316 830 1375 Oaesar
853 1317 892 1376 ad
919 1325 1040 1395 portum
1067 1319 1162 1377 Itium
1203 1355 1206 1361 -

153 1419 221 1458 cum
242 1400 413 1477 legionibus
436 1401 585 1479 pervenit.
630 1402 680 1460 Ibi
703 1403 860 1479 cognoscit
882 1403 943 1462 LX
964 1424 1069 1479 naves,
1094 1425 1161 1480 quae

152 1486 184 1543 in
211 1485 324 1544 Meldis
351 1484 443 1545 factae
473 1494 568 1562 erant,
599 1494 782 1565 tempestate
810 1489 942 1565 rejectas
974 1510 1096 1548 cursum
1118 1499 1162 1549 te-

153 1591 226 1631 nere
247 1591 308 1630 non
335 1572 472 1650 potuisse
501 1579 593 1647 atque
623 1574 745 1649 eodem,
775 1574 856 1633 unde
887 1583 974 1633 erant
1002 1575 1160 1653 profectae,

153 1657 333 1732 revertisse;
363 1657 498 1733 reliquas
526 1667 650 1735 paratas
681 1659 719 1717 ad
747 1660 955 1736 navigandum
983 1670 1074 1737 atque
1099 1681 1162 1718 om-

152 1743 242 1801 nibus
265 1743 357 1802 rebus
380 1743 548 1802 instructas
571 1744 696 1805 invenit.
742 1745 860 1803 Eodem
883 1746 1038 1820 equitatus
1068 1747 1162 1806 totius

155 1827 263 1887 Galliae
297 1829 453 1904 convenit,
488 1849 612 1887 numero
652 1830 768 1888 milium
802 1838 960 1907 quattuor,
994 1831 1162 1910 principes-

154 1933 213 1989 que
236 1933 274 1972 ex
296 1914 436 1973 omnibus
460 1915 651 1990 civitatibus,
677 1936 714 1974 ex
738 1917 848 1992 quibus
877 1937 1064 1994 perpaucos,
1089 1939 1162 1994 quo-

153 2020 220 2058 rum
247 2001 279 2058 in
307 2019 340 2060 se
369 1998 461 2059 fidem
489 2009 699 2079 perspexerat,
728 2003 899 2078 relinquere
927 2003 960 2061 in
983 2002 1092 2078 Gallia,
1115 2025 1162 2063 re-

154 2085 252 2161 liquos
289 2085 431 2145 obsidum
463 2086 531 2145 loco
566 2106 669 2146 seeum
703 2088 813 2147 ducere
848 2089 1035 2163 decreverat,
1071 2090 1161 2164 quod,

156 2191 249 2247 quum
269 2171 337 2249 ipse
360 2172 494 2247 abesset,
518 2180 634 2231 motum
658 2174 767 2232 Galliae
790 2176 964 2233 verebatur.

240 2256 297 2317 VI.
342 2257 419 2315 Erat
441 2278 502 2316 una
525 2278 595 2317 cum
624 2259 734 2317 ceteris
757 2260 927 2317 Dumnorix
950 2258 1100 2332 Haeduus,
1125 2259 1163 2319 de

155 2362 214 2417 quo
249 2349 319 2401 ante
353 2344 390 2401 ab
413 2343 502 2402 nobis
536 2343 651 2401 dictum
684 2351 740 2402 est.
791 2345 882 2402 Hunc
918 2363 1021 2402 secum
1049 2345 1163 2404 habere

154 2428 186 2486 in
207 2428 313 2505 primis
337 2428 547 2502 constituerat,
572 2429 653 2504 qnod
677 2448 745 2488 eum
768 2428 911 2506 cupidum
938 2449 1040 2487 rerum
1068 2449 1162 2489 nova-

154 2533 229 2588 rum,
254 2513 399 2591 cupidum
419 2513 549 2592 imperii,
571 2515 674 2590 magni
697 2515 803 2588 animi,
832 2535 952 2591 magnae
980 2515 1060 2572 inter
1090 2515 1162 2573 Gal-

153 2598 200 2658 los
234 2599 424 2658 auctoritatis
459 2608 653 2676 cognoverat.
709 2600 888 2659 Accedebat
921 2601 990 2675 huc,
1022 2601 1104 2676 quod
1130 2602 1162 2661 in

143 2685 280 2744 concilio
314 2684 503 2743 Haeduorum
535 2686 705 2745 Dumnorix
740 2686 858 2745 dixerat
896 2687 955 2746 sibi
988 2707 1006 2745 a
1040 2685 1162 2746 Caesare

110 2834 115 2841 ,
153 2789 281 2847 regnum
310 2770 443 2830 civitatis
472 2770 598 2844 deferri,
629 2771 708 2848 quod
743 2772 858 2831 dictum
887 2773 1000 2831 Haedui
1026 2773 1162 2849 graviter

153 2853 303 2930 ferebant,
326 2875 425 2931 neque
447 2857 611 2916 recusandi
634 2865 687 2916 aut
710 2857 895 2935 deprecandi
925 2877 1019 2917 eausa
1041 2858 1161 2934 legatos

154 2941 194 2999 ed
217 2940 372 3001 Caesarem
393 2942 515 3001 mittere
539 2942 701 3001 audebant.
747 2944 786 3002 Id
814 2944 930 3002 factum
961 2964 998 3002 ex
1021 2944 1085 3001 suis
1107 2944 1161 3001 ho-

154 3027 284 3104 spitibus
297 3025 401 3086 Caesar
425 3035 619 3104 cognoverat.
653 3029 712 3087 Ille
735 3029 875 3086 omnibus
897 3029 994 3106 primo
1016 3028 1160 3104 precibus

152 3119 257 3189 petere
291 3112 460 3189 contendit,
496 3120 530 3172 ut
568 3114 599 3172 in
633 3113 733 3173 Gallia
765 3115 1004 3189 relinqueretur,
1037 3113 1159 3190 partim,

153 3197 235 3273 quod
266 3198 405 3258 insvetus
437 3199 602 3276 navigandi
636 3220 719 3258 mare
752 3199 881 3274 timeret,
917 3199 1043 3276 partim,
1079 3199 1161 3274 quod

153 3283 352 3360 religionibus
374 3284 513 3362 impediri
542 3304 610 3344 sese
639 3284 763 3343 diceret.
786 3342 795 3358 ‚
822 3285 1027 3361 Posteaquam
1053 3285 1086 3342 id
1108 3287 1160 3345 ob-

152 3368 264 3427 stinate
287 3369 347 3427 sibi
368 3370 472 3447 negari
501 3370 587 3445 vidit,
612 3371 692 3428 omni
720 3390 775 3448 spe
804 3371 987 3449 impetrandi
1015 3371 1160 3449 adempta

151 3454 306 3532 principes
331 3454 439 3514 Galliae
474 3456 648 3530 sollicitare,
684 3475 830 3516 sevocare
864 3457 1001 3534 singulos
1030 3456 1159 3515 hortari-

152 3559 212 3614 que
234 3540 336 3616 coepit,
359 3540 404 3599 uti
426 3541 458 3599 in
481 3541 647 3600 continenti
669 3549 875 3616 remanerent3
898 3549 982 3601 metu
1009 3542 1158 3615 territare,

152 3645 213 3684 non
235 3625 301 3683 sine
324 3645 418 3684 causa
439 3625 515 3701 fieri,
539 3634 574 3685 ut
598 3627 699 3685 Gallia
722 3629 803 3685 omni
824 3628 983 3698 nobilitate
1014 3626 1159 3703 spoliare-

151 3718 217 3784 tur,
241 3710 273 3768 id
296 3730 364 3770 esse
388 3713 547 3770 consilium
578 3711 719 3786 Caesaris,
749 3721 792 3787 ut,
823 3733 899 3788 quos
930 3713 962 3770 in
991 3719 1159 3787 conspectu

153 3795 261 3854 Galliae
289 3795 461 3856 interficere
491 3805 664 3872 vereretur,
692 3800 749 3856 hos
781 3819 884 3857 omnes
913 3797 945 3855 in
968 3796 1184 3855 Britanniam

151 3881 309 3940 traductos
331 3889 470 3957 necaret,
500 3881 590 3941 fidem
619 3883 745 3959 reliquis
774 3884 976 3960 interponere,
1001 3880 1158 3958 jusjuran-

151 3965 223 4025 dum
245 3986 387 4045 poscere,
422 3976 471 4043 ut,
507 3969 589 4043 quod
617 3988 685 4027 esse
708 3988 745 4027 ex
773 3988 831 4026 usu
861 3967 968 4026 Galliae
990 3967 1157 4028 intellexis-
