2670 4456
533 257 653 312 LIBnR
676 258 741 314 VII.
1075 269 1148 326 ,123

143 451 238 528 legati
260 451 300 510 ad
321 471 390 510 eum
402 452 559 511 venissent
581 459 709 527 oratum,
733 461 768 511 ut
793 454 852 512 sibi
874 454 1047 530 ignosceret
1069 475 1148 514 0111-

146 558 204 615 que
227 537 299 597 vitae
322 538 504 612 consuleret,
528 544 563 596 ut
591 538 747 596 celeritate
776 539 910 615 reliquas
938 559 988 598 res
1017 540 1146 600 confice·

145 630 201 698 ret,
226 641 286 698 qua
307 623 453 700 pleraque
476 629 542 682 erat
565 630 757 698 consecutus,
782 645 866 683 arma
886 624 1027 700 conferri,
1052 645 1147 702 equos

144 708 281 788 produci,
310 708 433 767 obsides
462 708 528 767 dari
546 708 645 785 jubet.
680 709 772 768 Parte
790 710 856 785 jam
879 710 1019 769 obsidum
1038 711 1173 770 tradita⁴

147 815 240 871 quum
260 793 379 869 reliqua
401 793 700 868 administrarentur,
730 795 960 855 centurionibus
989 804 1020 855 et
1043 798 1149 874 paucis

148 880 296 939 militibus
318 879 511 953 intromissis,
536 880 588 955 qui
611 900 695 938 arma
713 878 913 956 jumentaque
925 882 1148 956 conquirerent,

149 966 302 1041 equitatus
324 965 457 1023 hostium
479 965 586 1042 procul
609 965 694 1025 visus
718 973 781 1041 est,
818 966 869 1041 qui
892 987 1000 1043 agmen
1022 967 1149 1026 Vercin-

145 1051 293 1128 getorigis
316 1057 533 1109 antecesserat.
585 1050 682 1121 Quem
705 1050 887 1126 simulatque
911 1051 1054 1129 oppidani
1078 1073 1148 1111 con-

149 1142 316 1214 spexerunt
337 1143 429 1211 atque
451 1135 483 1194 in
506 1155 592 1214 spem
615 1136 719 1194 auxilii
741 1143 899 1211 venerunt,
923 1138 1056 1197 clamore
1079 1140 1149 1197 sub-

146 1222 208 1281 lato
232 1242 315 1280 arma
338 1241 456 1298 capere,
479 1229 585 1299 portas
608 1221 760 1296 claudere,
783 1243 902 1281 murum
925 1223 1077 1301 complere
1090 1244 1150 1282 coe·

146 1313 266 1386 perunt.
314 1305 513 1366 Centuriones
534 1307 567 1365 in
597 1307 708 1385 oppido
737 1328 829 1383 quum
857 1329 895 1367 ex
927 1307 1149 1385 significatione

149 1393 306 1452 Gallorum
327 1393 399 1452 novi
423 1391 538 1468 aliquid
560 1393 597 1450 ab
620 1393 658 1451 iis
681 1393 750 1451 iniri
773 1394 891 1452 consilii
913 1394 1149 1469 intellexissent,

148 1477 259 1556 gladiis
293 1477 449 1536 destrictis
480 1484 584 1554 portas
615 1487 842 1555 occupaverunt
877 1499 1010 1555 suosque
1044 1499 1150 1539 omnes

150 1564 317 1623 incolumes
340 1570 530 1642 receperunt.

234 1649 330 1708 XIII.
377 1647 482 1708 Oaesar
494 1670 531 1708 ex
543 1649 652 1707 castris
666 1649 834 1724 equitatum
851 1648 940 1708 educi
953 1649 1054 1725 jubet,
1068 1670 1149 1728 pros-

151 1735 226 1794 ]1111
260 1741 401 1810 equestre
436 1735 615 1809 committit,
645 1735 855 1793 laborantibus
880 1733 945 1809 jam
979 1735 1042 1793 suis
1074 1735 1149 1794 Ger·

150 1840 255 1879 manos
279 1821 397 1896 equites
422 1820 543 1879 circiter
556 1819 609 1878 OD
633 1820 803 1894 summittit,
827 1838 904 1895 quos
928 1820 965 1878 ab
988 1820 1073 1878 initio
1097 1821 1150 1879 ha-

150 1907 223 1965 bere
246 1925 350 1965 secum
372 1906 555 1964 instituerat.
600 1906 715 1964 Eorum
736 1906 883 1983 impetum
896 1905 978 1964 Galli
1000 1907 1152 1966 sustinere

150 2010 212 2050 non
233 1998 398 2069 potuerunt
427 1997 518 2066 atque
546 1991 578 2049 in
605 1990 709 2069 fugam
739 1991 870 2067 conjecti
898 1991 1002 2049 multis
1031 1992 1153 2050 amissis

153 2096 186 2135 se
209 2077 249 2136 ad
272 2096 380 2154 agmen
403 2083 597 2154 receperunt,
623 2077 734 2152 quibus
763 2075 933 2154 profligatis
961 2096 1068 2135 rursus
1099 2097 1151 2155 op·

149 2162 254 2240 pidani
275 2162 430 2240 perterriti
452 2163 687 2239 comprehensos
718 2182 780 2236 eos,
811 2182 940 2237 quorum
968 2182 1060 2239 opera
1087 2163 1151 2238 ple·

150 2248 220 2306 bem
243 2247 425 2306 concitatam
448 2248 674 2322 existimabant,
704 2248 743 2306 ad
768 2246 921 2304 Gaesarem
942 2246 1154 2322 perduxerunt

152 2352 280 2408 seseque
303 2333 331 2391 ei
354 2332 544 2392 dediderunt.
591 2332 710 2402 Quibus
743 2332 835 2390 rebus
870 2329 1018 2389 confectis
1050 2330 1155 2390 Caesar

151 2418 191 2478 ad
213 2418 358 2497 oppidum
379 2418 554 2492 Avaricum,
589 2417 671 2493 quod
705 2423 771 2476 erat
797 2416 959 2474 maximum
988 2416 1153 2474 munitissi-

152 2524 293 2580 mumque
315 2504 347 2562 in
368 2502 481 2562 finibus
497 2503 671 2580 Biturigum
694 2509 785 2578 atque
808 2502 874 2578 agri
896 2500 1085 2560 fertilissima
1106 2521 1154 2561 re·

61 2653 63 2656 ,
152 2589 252 2666 gione,
275 2587 434 2667 profectus
457 2596 514 2663 est,
539 2588 620 2665 quod
644 2609 678 2648 00
708 2587 819 2666 oppido
847 2594 970 2665 recepto
999 2587 1155 2647 civitatem

153 2676 329 2751 Biturigum
352 2694 385 2733 se
407 2674 439 2732 in
460 2680 646 2752 potestatem
667 2673 862 2733 redacturum
885 2671 1066 2732 confidebat.

180 2757 184 2764 ’
237 2760 326 2820 XIV.
371 2759 605 2837 Vercingetorix
627 2767 674 2819 tot
696 2759 847 2819 continuis
869 2758 1068 2817 incommodis
1082 2758 1154 2818 Vel-

151 2846 327 2921 launoduni,
347 2845 475 2920 Genabi,
498 2845 673 2906 Novioduni
693 2845 827 2922 acceptis
845 2864 917 2903 suos
937 2843 976 2902 ad
993 2843 1156 2902 concilium

146 2938 310 2993 convocat.
355 2931 456 2990 Docet
477 2931 568 3008 longe
591 2931 651 2989 alia
672 2931 790 2989 ratione
813 2949 881 2989 esse
910 2928 1025 2987 bellum
1047 2947 1154 3004 geren·

154 3016 234 3092 dum,
260 3023 351 3092 atque
380 3024 470 3075 antea
497 3023 617 3093 gestum
646 3016 700 3084 sit,
731 3015 870 3074 omnibus
898 3013 996 3071 modis
1018 3013 1089 3072 huic
1110 3014 1156 3071 rei

153 3101 346 3176 studendum,
369 3108 404 3160 ut
425 3102 621 3179 pabulatione
645 3107 675 3160 et
705 3106 874 3159 commeatu
895 3098 1025 3156 Romani
1054 3098 1155 3175 prohi-

153 3187 297 3247 beantur:
321 3186 354 3245 id
376 3205 445 3246 esse
467 3185 566 3261 facile,
591 3185 672 3262 quod
695 3186 833 3261 equitatu
854 3184 914 3262 ipsi
942 3183 1100 3242 abundent
1125 3191 1156 3242 et

154 3272 236 3348 quod
268 3272 339 3331 anni
371 3279 507 3350 tempore
541 3272 754 3344 subleventur;
788 3270 935 3348 pabulum
968 3269 1065 3328 secari
1095 3289 1157 3328 non

154 3377 255 3435 posse,
278 3358 453 3417 necessario
477 3356 633 3436 dispersos
667 3357 772 3415 hostes
796 3376 834 3415 ex
867 3354 1004 3414 aedificiis
1033 3362 1154 3433 petere;

153 3443 210 3502 hos
235 3463 340 3502 omnes
363 3442 500 3518 quotidie
523 3443 561 3502 ab
580 3442 732 3519 equitibus
750 3441 845 3501 deleri
862 3460 963 3519 posse.
997 3441 1153 3500 Praeterea

41 3531 62 3580 .'
155 3527 263 3587 salutis
287 3547 380 3587 causa
401 3528 446 3586 rei
473 3527 632 3587 familiaris
665 3527 827 3587 commoda
847 3524 1046 3603 negligenda,
1070 3526 1157 3585 vicos

156 3620 247 3689 atque
271 3611 399 3672 aedificia
421 3613 542 3672 incendi
565 3620 705 3691 oportere
727 3613 785 3672 hoc
809 3612 907 3690 spatio
937 3610 975 3669 ab
1004 3610 1055 3668 via
1084 3629 1157 3685 quo·

156 3694 335 3775 qdoversus,
360 3719 419 3774 quo
442 3698 608 3776 pabulandi
630 3717 723 3758 causa
753 3698 837 3757 adire
864 3715 957 3774 posse
985 3693 1156 3754 videantur.

155 3783 274 3842 Harum
296 3783 372 3862 ipsis
395 3803 497 3843 rerum
520 3783 638 3861 copiam
661 3791 833 3862 suppetere,
858 3779 948 3855 quod,
973 3798 1104 3854 quorum
1126 3780 1158 3838 in

154 3867 267 3928 finibus
289 3869 402 3927 bellum
424 3874 559 3946 geratur,
582 3888 686 3928 eorum
714 3869 822 3947 opibus
853 3865 1066 3939 subleventur;
1095 3865 1158 3924 Ro-

154 3973 261 4014 manos
296 3961 348 4013 aut
380 3954 513 4033 inopiam
546 3973 607 4013 non
634 3955 749 4013 laturos
779 3959 832 4011 aut
853 3969 962 4027 magno
987 3968 1056 4008 cum
1078 3951 1157 4027 peri-
