2670 4456
508 246 561 300 Da
579 245 706 301 BELLO
725 245 895 302 GALLIOO

536 1035 719 1116 LIBER
750 1035 838 1117 Vll.

191 1155 312 1270 Quieta
335 1209 435 1270 Gallia
458 1208 571 1283 Oaesar,
595 1215 629 1267 ut
651 1209 862 1283 constituerat,
884 1209 1050 1268 initaliam
1067 1209 1107 1269 ad
1124 1230 1197 1271 con·

190 1304 301 1361 ventus
324 1296 459 1374 agendos
481 1293 692 1372 proficiscitur.
743 1294 793 1352 Ibi
821 1295 980 1371 cognoscit
1006 1295 1044 1355 de
1066 1296 1102 1354 P.
1128 1294 1198 1356 Glo-

191 1385 235 1444 dii
257 1382 351 1457 caede,
375 1381 413 1440 de
437 1387 622 1457 senatusque
646 1380 784 1438 consulto
808 1380 919 1439 certior
940 1379 1053 1456 factus,
1076 1389 1112 1440 nt
1134 1401 1198 1441 orn-

191 1488 247 1529 nes
282 1467 421 1545 juniores
460 1466 560 1525 Italiae
601 1465 811 1541 conjurarent,
852 1465 997 1526 dilectum
1013 1526 1015 1529 ,
1030 1473 1095 1526 tota
1127 1488 1199 1545 pro·

191 1553 293 1616 vincia
313 1553 427 1612 habere
449 1551 590 1610 instituit.
625 1552 680 1610 Eae
703 1571 753 1610 res
775 1550 808 1609 in
821 1551 953 1610 Galliam
964 1552 1200 1630 Transalpinam

193 1638 333 1700 celeriter
354 1637 559 1716 perferuntur.
604 1637 733 1695 Addunt
759 1637 820 1714 ipsi
843 1643 874 1696 et
896 1637 1049 1714 affingunt
1070 1639 1200 1698 rumori·

192 1728 250 1786 bus
275 1724 364 1798 Galli,
390 1723 472 1800 quod
493 1743 544 1782 res
573 1742 701 1801 poscere
723 1722 900 1798 videbatur,
930 1723 1055 1782 retineri
1080 1725 1201 1784 urbano

192 1819 278 1870 motu
300 1809 453 1869 Caesarem
475 1828 574 1885 neque
595 1809 628 1866 in
649 1808 743 1866 tantis
773 1808 1016 1868 dissensionibus
1046 1809 1086 1868 ad
1114 1830 1200 1869 exer·

192 1897 285 1956 citum
307 1895 411 1954 venire
439 1914 541 1973 posse.
592 1893 660 1952 Hac
693 1894 817 1972 impulsi
851 1894 1026 1969 occasione,
1061 1895 1114 1970 qui
1132 1894 1202 1975 jam

194 1988 265 2041 ante
288 2001 322 2039 se
344 1980 450 2058 populi
478 1980 608 2038 Romani
637 1979 764 2057 imperio
795 1978 952 2055 subjectos
982 1979 1136 2056 dolerent,
1165 1981 1202 2039 li-

191 2066 296 2127 berius
320 2072 411 2141 atque
434 2065 581 2124 audacius
610 2064 647 2123 de
676 2065 757 2124 bello
788 2065 915 2124 consilia
942 2065 1018 2126 inire
1040 2065 1201 2144 incipiunt.

192 2151 323 2212 Indictis
345 2151 425 2210 inter
455 2170 488 2210 se
516 2150 669 2228 principes
701 2150 809 2209 Galliae
839 2151 974 2210 conciliis
1003 2152 1201 2213 silvestribus

146 2290 149 2295 .
194 2258 230 2298 ac
263 2237 388 2296 remotis
421 2237 497 2296 locis
527 2243 695 2313 queruntur
728 2236 766 2295 de
795 2235 928 2296 Acconis
961 2244 1073 2312 morte;
1108 2257 1203 2316 posse

192 2325 273 2383 hunc
296 2342 401 2382 casum
424 2322 463 2382 ad
485 2323 569 2401 ipsos
598 2322 735 2382 recidere
763 2322 1203 2396 demonstrant;·miserantur

195 2429 383 2469 communem
407 2409 516 2467 Galbae
550 2407 722 2482 fortunam3
757 2408 896 2467 omnibus
929 2409 1202 2486 pollicitationibus

195 2515 230 2555 ac
252 2494 385 2573 praemiis
408 2494 586 2573 deposcunt,
622 2494 673 2569 qui
701 2493 776 2553 belli
802 2493 922 2553 initium
948 2493 1064 2553 faciant
1092 2501 1124 2553 et
1154 2495 1203 2554 sui

196 2580 305 2658 capitis
327 2580 463 2658 periculo
489 2579 620 2638 Galliam
641 2579 674 2638 in
695 2579 868 2638 libertatem
889 2579 1055 2640 vindicent.
1102 2577 1202 2656 [Ejus]

195 2666 227 2723 in
255 2665 363 2742 primis
389 2665 538 2724 rationem
566 2685 635 2725 esse
662 2665 836 2725 habendam
864 2665 983 2740 dicunt,
1020 2666 1202 2743 priusquam

195 2770 298 2809 corum
320 2749 509 2809 clandestina
531 2751 658 2810 consilia
680 2749 856 2825 efferantur,
879 2749 1031 2810 ntOaesar
1053 2751 1091 2810 ab
1115 2770 1201 2810 exer·

195 2836 258 2895 citu
279 2834 514 2909 intercludatur;
544 2835 576 2893 id
595 2855 664 2895 esse
691 2835 791 2912 facile,
821 2837 904 2912 quod
931 2856 1030 2911 neque
1062 2836 1202 2913 legiones

196 2919 328 2980 audeant
360 2921 487 2979 absente
518 2920 701 2998 imperatore
734 2941 772 2980 ex
804 2922 940 2981 hibernis
969 2921 1073 2999 egredi
1101 2940 1203 2998 neque

195 3007 361 3084 imperator
394 3006 459 3065 sine
492 3006 636 3084 praesidio
671 3006 711 3065 ad
737 3007 874 3084 legiones
901 3006 1062 3085 pervenire
1084 3006 1200 3085 possit;

194 3100 350 3171 postremo
372 3092 404 3150 in
426 3092 492 3152 acie
520 3100 668 3170 praestare
690 3091 835 3168 interfici,
865 3113 955 3169 quam
982 3113 1043 3152 non
1065 3100 1203 3152 veterem

195 3177 269 3237 belli
291 3176 418 3255 gloriam
440 3178 687 3253 libertatemque,
719 3198 810 3253 quam
839 3177 1045 3255 amajoribus
1074 3197 1203 3256 accepe-

196 3263 266 3337 rint,
289 3281 481 3340 rocuperare.
969 3315 972 3319 .

282 3347 327 3405 H.
372 3347 431 3406 His
453 3350 546 3407 rebus
569 3347 692 3425 agitatis
715 3346 898 3425 profitentur
910 3346 1059 3407 Carnutes
1079 3367 1113 3406 se
1134 3346 1203 3406 nul·

196 3433 260 3490 lum
281 3432 449 3510 periculum
471 3433 639 3492 communis
661 3432 770 3491 salutis
793 3452 886 3492 causa
907 3453 1060 3508 recusare,
1087 3431 1202 3511 princi·

196 3537 313 3596 pesque
336 3537 373 3578 ex
395 3518 535 3577 omnibus
558 3518 673 3578 bellum
695 3517 833 3578 facturos
855 3519 1051 3597 pollicentur,
1076 3524 1108 3577 et
1126 3537 1201 3594 quo·

195 3604 278 3663 niam
308 3603 341 3663 in
372 3604 538 3681 praesentia
560 3603 718 3662 obsidibus
751 3623 861 3664 cavere
888 3604 968 3663 inter
990 3623 1025 3663 se
1047 3622 1108 3662 non
1129 3622 1201 3680 pos-

197 3688 267 3765 sint,
289 3709 329 3749 ne
350 3708 400 3749 res
423 3687 578 3763 efferatur,
601 3696 635 3748 ut
653 3687 854 3765 jurejurando
883 3709 919 3749 ac
945 3688 1006 3749 fide
1036 3689 1202 3764 sanciatur,

197 3781 315 3852 petunt,
340 3774 459 3834 collatis
481 3774 662 3833 militaribus
685 3774 780 3850 signis
804 3773 875 3851 (quo
898 3794 982 3834 more
1005 3793 1112 3833 eornm
1131 3793 1201 3851 gra-

198 3860 324 3919 vissima
357 3860 520 3920 cerimonia
553 3858 744 3933 continetur),
779 3863 821 3919 rie·
846 3859 928 3920 facto
956 3860 1042 3919 initio
1064 3858 1138 3918 belli
1161 3860 1200 3918 ab

197 3945 323 4022 reliquis
345 3945 535 4006 deserantur.
591 3945 669 4004 'lum
701 3944 881 4005 collaudatis
905 3944 1099 4020 Carnutibus,
1128 3943 1201 4004 dato
