2670 4456
576 255 697 311 LIBER
714 258 738 314 Ι.
1158 269 1178 326 7

140 449 319 510 niterentur.
371 449 472 521 Quare
495 470 534 510 ne
557 451 768 527 committeret,
797 460 831 511 ut
852 452 879 511 is
903 452 998 526 locus,
1029 453 1081 512 ubi
1104 473 1176 513 con-

142 535 309 610 stitissent,
345 554 382 594 ex
412 536 584 597 calamitate
617 537 723 615 populi
751 537 882 597 Romani
912 546 942 598 et
968 539 1176 599 internecione

143 621 295 681 exercitus
317 640 427 680 nomen
451 630 574 700 caperet
596 630 649 681 aut
671 623 845 682 memoriam
867 624 1020 701 proderet.

225 705 314 766 XIV.
366 706 424 766 His
448 706 553 767 Caesar
574 708 617 767 ita
639 708 811 786 respondit:
847 708 893 768 Eo
917 709 976 768 sibi
997 710 1097 769 minus
1121 710 1175 768 du-

140 792 296 852 bitaticnis
320 790 400 867 dari,
435 793 517 869 quod
544 812 597 853 eas
619 813 679 868 res,
712 813 787 870 quas
815 794 908 871 legati
930 794 1067 856 Helvetii
1096 816 1176 855 com·

140 886 373 953 memorassent,
407 879 552 938 memoria
579 886 710 953 teneret,
746 887 837 956 atque
866 900 901 938 eo
928 881 1054 956 gravius
1085 880 1176 958 ferre,

141 983 199 1039 quo
239 964 338 1023 minus
378 965 484 1024 merito
518 964 623 1043 populi
656 965 786 1024 Romani
820 965 1020 1040 accidissent;
1064 968 1115 1043 qui
1149 967 1176 1027 si

140 1049 269 1126 alicujus
296 1048 415 1126 injuriae
446 1049 504 1109 sibi
534 1051 674 1110 conscius
699 1049 818 1125 linisset,
849 1070 910 1109 non
932 1049 1028 1110 irrisae
1051 1051 1176 1112 difficile

139 1153 263 1210 cavere,
298 1134 354 1194 sed
377 1155 411 1195 ec
436 1135 611 1213 deceptum,
641 1136 721 1212 quod
750 1155 848 1212 neque
877 1137 1071 1196 commissum
1101 1157 1176 1197 ase

139 1219 338 1298 intelligeret,
374 1241 468 1297 quare
496 1221 630 1296 timeret,
665 1240 764 1297 neque
793 1222 858 1281 sine
887 1242 980 1282 causa
1008 1223 1176 1283 timendum
1243 1264 1246 1271 -

139 1312 270 1383 putaret.
328 1304 417 1377 Quod
450 1307 477 1365 si
511 1307 625 1366 veteris
660 1307 850 1366 contumeliae
890 1307 1031 1368 oblivisci
1071 1309 1174 1384 vellet,

139 1411 211 1451 num
244 1391 335 1452 etiam
367 1392 535 1451 recentium
568 1392 762 1469 injuriarum,
803 1393 884 1469 quod
918 1413 953 1453 eo
986 1393 1082 1455 invito
1115 1395 1187 1453 iter

140 1497 195 1554 per
217 1477 405 1555 provinciam
426 1498 482 1556 per
504 1479 566 1539 vim
589 1484 774 1554 tentassent,
805 1478 886 1555 quod
909 1479 1062 1556 Haeduos,
1092 1479 1174 1556 quod

140 1562 322 1638 Ambarros,
352 1563 434 1640 quod
462 1564 647 1641 Allobrogas
675 1571 850 1639 vexassent,
879 1565 1053 1624 memoriam
1081 1564 1174 1643 depo·

139 1668 213 1709 nere
240 1648 354 1727 posse?
401 1648 490 1720 Quod
523 1669 579 1708 sua
612 1650 741 1709 victoria
774 1657 837 1709 tam
869 1651 1036 1711 insolenter
1062 1650 1173 1727 gloria-

139 1742 258 1810 rentur,
294 1734 435 1811 quodque
464 1742 527 1794 tam
556 1734 608 1793 diu
638 1754 671 1794 se
693 1735 816 1813 impune
838 1734 966 1811 injurias
989 1736 1097 1796 tulisse
1121 1737 1172 1795 ad-

139 1821 335 1896 mirarentur,
371 1820 477 1879 eodem
504 1820 671 1898 pertinere;
708 1839 874 1881 consuesse
904 1822 984 1880 enim
1020 1821 1094 1882 deos
1116 1821 1171 1881 im·

138 1906 296 1981 mortaleS,
331 1925 390 1982 quo
424 1906 547 1982 gravius
576 1907 712 1967 homines
741 1926 778 1966 ex
812 1907 1045 1966 commutatione
1072 1927 1174 1968 rerum

139 1990 275 2066 doleant,
311 2010 387 2067 quos
420 2012 475 2069 pro
505 1991 620 2052 scelere
650 2012 753 2052 eorum
780 1992 888 2052 ulcisci
917 1993 1021 2068 velint,
1055 1993 1093 2052 iis
1125 2013 1173 2053 se-

139 2076 298 2137 cundiores
327 2076 480 2136 interdum
502 2097 552 2138 res
576 2085 606 2137 et
629 2078 847 2138 diuturniorem
869 2078 1079 2156 impunitatem
1102 2099 1173 2139 con·

138 2162 256 2223 cedere.
313 2161 414 2234 Quum
447 2184 484 2223 ea
516 2164 560 2223 ita
588 2163 665 2239 sint,
699 2171 815 2239 tamen,
850 2164 877 2223 si
911 2164 1034 2224 obsides
1069 2165 1107 2223 ab
1135 2164 1173 2224 iis
1238 2183 1239 2186 ¹

140 2247 199 2307 sibi
221 2248 345 2324 dentur,
375 2249 421 2307 uti
443 2269 492 2323 ea,
523 2269 591 2326 quae
613 2249 824 2327 polliceantur,
852 2248 988 2309 facturos
1011 2249 1171 2328 intelligat,

140 2340 171 2391 et
203 2334 230 2393 si
263 2334 393 2394 Haeduis
427 2335 465 2394 de
498 2335 633 2412 injuriis,
669 2354 744 2410 quas
777 2335 853 2412 ipsis
887 2335 1039 2410 sociisque
1070 2354 1173 2394 eorum
1214 2408 1218 2414 .
1267 2370 1271 2376 ·

139 2418 304 2495 intulerint,
337 2420 412 2480 item
445 2421 471 2480 si
504 2421 722 2497 Allobrogibus
756 2418 963 2495 satisfaciant,
999 2438 1069 2479 sese
1103 2440 1172 2479 cum

138 2504 176 2564 iis
204 2525 312 2584 pacem
340 2526 408 2567 asse
438 2506 599 2566 iacturum.
651 2505 760 2565 Divico
782 2505 955 2583 respondit:
985 2506 1036 2565 Ita
1058 2505 1171 2565 Helve-

139 2589 198 2651 tios
227 2612 245 2650 a
272 2590 438 2668 majoribus
467 2593 530 2651 suis
558 2591 715 2653 institutos
745 2610 828 2666 esse,
863 2591 908 2649 uti
941 2590 1065 2651 obsides
1094 2591 1172 2652 acci·

138 2694 227 2753 pere,
256 2696 317 2736 non
346 2677 419 2738 dare
442 2677 631 2751 consverint;
668 2676 735 2753 ejus
763 2677 808 2736 rei
835 2676 981 2755 populum
1002 2677 1173 2737 Romanum

140 2779 208 2821 esse
230 2769 350 2822 testem.
394 2763 463 2822 Hoc
486 2782 632 2841 responso
657 2762 728 2822 dato
752 2762 904 2823 discessit.

224 2846 295 2908 XV.
340 2849 468 2909 Postero
497 2847 546 2907 die
575 2855 677 2908 castra
699 2867 736 2907 ex
759 2867 794 2907 eo
816 2848 883 2907 loco
906 2854 1038 2908 movent.
1083 2846 1173 2906 Idem

137 2930 213 2991 facit
236 2931 340 2993 Caesar
362 2935 589 3011 equitatumque
612 2953 745 3008 omnem,
776 2933 815 2993 ad
842 2952 1000 2991 numerum
1030 2939 1173 3008 quattuor

137 3017 266 3093 milium,
296 3039 386 3095 quem
408 3039 446 3079 ex
468 3020 549 3080 omni
570 3019 727 3098 provincia
750 3026 782 3078 et
803 3018 931 3078 Haeduis
955 3025 1046 3093 atque
1069 3036 1173 3076 eorum

138 3103 230 3163 sociis
254 3112 392 3164 coactum
414 3106 561 3183 habebat,
591 3104 763 3183 praemittit,
794 3104 844 3179 qui
866 3103 1005 3178 videant,
1036 3121 1113 3178 quas
1141 3103 1173 3162 in

137 3195 243 3266 partes
276 3189 381 3251 hostes
414 3191 472 3250 iter
511 3190 635 3250 iaciant.
703 3188 762 3260 Qui
801 3188 940 3266 cupidius
973 3188 1170 3250 novissimum

138 3293 248 3353 agmen
286 3274 416 3336 insecuti
452 3276 550 3335 alieno
589 3276 655 3335 loco
690 3294 759 3333 cum
792 3274 928 3350 equitatu
961 3274 1173 3336 Helvetiorum

137 3360 278 3438 proelium
306 3362 511 3437 committunt,
547 3368 578 3422 et
605 3360 695 3439 pauci
724 3360 762 3418 de
789 3360 903 3419 nostris
926 3359 1047 3420 cadunt.
1106 3359 1172 3432 Quo

137 3446 245 3524 prcah'o
275 3448 388 3507 sublati
414 3447 564 3522 Helvetii,
599 3446 680 3522 quod
713 3445 887 3522 quingentis
922 3446 1076 3522 equitibus
1104 3454 1172 3505 tan-

137 3538 200 3590 tam
232 3532 456 3592 multitudinem
489 3533 623 3609 equitum
661 3531 873 3609 propulerant,
915 3531 1061 3591 audacius
1101 3532 1172 3591 sub·

138 3617 263 3694 sistere,
303 3638 518 3695 nonnunquam
556 3638 593 3678 ex
626 3617 791 3677 novissimo
826 3616 945 3694 agmine
978 3617 1085 3694 proelio
1119 3637 1173 3675 no·

137 3708 220 3763 atros
248 3703 402 3764 lacessere
425 3711 591 3781 coeperunt.
646 3701 750 3761 Cacsar
772 3721 844 3761 suos
868 3722 886 3760 a
907 3702 1014 3779 proelio
1039 3701 1172 3762 contine·

136 3788 192 3847 bat
221 3809 256 3848 ac
284 3789 360 3850 satis
388 3789 523 3849 habebat
556 3789 587 3847 in
620 3787 785 3866 praesentia
817 3787 937 3848 hostem
970 3787 1086 3865 rapinis
1119 3809 1172 3866 pa-

136 3873 405 3951 bulationibusque
438 3874 608 3952 prohibere.
665 3873 715 3932 Ita
749 3873 814 3932 dies
849 3873 970 3931 circiter
1000 3873 1173 3949 quindecim

137 3959 197 4018 iter
224 3958 377 4036 fecerunt,
411 3961 456 4019 uti
489 3960 570 4019 inter
602 3959 800 4019 novissimum
833 3957 966 4018 hostium
1000 3978 1108 4036 agmen
1142 3965 1173 4019 et
