2670 4456
163 253 224 313 166
480 246 533 301 DE
551 245 679 302 BELLO
698 245 868 302 GALLIOO

161 442 212 502 Ita
243 439 318 518 fuga
350 440 467 500 timoris
501 441 591 500 simul
624 441 859 518 calliditatisque
891 442 984 520 plena
1013 443 1079 502 sine
1101 442 1165 503 ullo

163 527 343 588 detrimento
376 526 460 586 milia
492 546 553 586 non
583 528 712 605 amplius
734 528 767 587 X
787 528 945 607 progressi
968 528 1074 589 hostes
1095 529 1164 589 loco

161 612 362 672 munitissimo
387 620 488 672 castra
509 619 685 690 posuerrmt.
736 613 815 673 Inde
843 634 936 690 quum
959 634 1043 693 saepe
1065 615 1098 673 in
1119 615 1165 674 in-

163 699 249 759 sidiis
271 698 389 773 equites
411 699 592 776 peditesque
614 699 821 777 disponerent,
844 720 955 778 magna
978 700 1164 761 detrimenta

164 785 311 844 Romanis
332 784 365 842 in
386 785 634 863 pabulationibus
656 784 838 844 inferebant.

247 869 354 930 XVII.
401 869 490 942 Quod
513 891 606 947 quum
628 871 765 930 crebrius
788 871 949 947 accideret,
979 891 1017 931 ex
1040 873 1165 950 captivo

164 956 296 1032 quodam
329 958 477 1034 comperit
511 956 615 1017 Caesar
649 955 809 1032 Correum,
843 957 1076 1032 Bellovacorum
1110 959 1165 1017 du-

163 1061 238 1118 cem,
261 1041 497 1102 fortissimorum
518 1043 602 1102 milia
623 1042 672 1104 VI
692 1043 829 1121 peditum
857 1043 1009 1121 delegisse
1032 1044 1166 1119 equites·

163 1147 221 1204 que
244 1149 282 1187 ex
304 1128 385 1186 omni
407 1149 531 1188 numero
554 1129 645 1203 mille,
668 1148 745 1205 quos
767 1129 799 1188 iu
819 1129 942 1188 insidiis
965 1148 1001 1188 eo
1023 1131 1165 1190 1000001-

100 1212 103 1223 '
162 1215 287 1288 locaret,
311 1234 401 1289 quem
421 1215 454 1273 in
475 1214 577 1274 locum
597 1220 724 1292 propter
746 1216 865 1293 copiam
886 1214 1031 1274 frumenti
1054 1236 1089 1275 ac
1111 1237 1165 1294 pa-

163 1299 229 1359 buli
250 1300 406 1361 Poomanos
430 1298 627 1379 [pabulatum]
657 1301 805 1360 missuros
833 1300 1051 1379 suspicaretur.
1097 1300 1165 1372 Quo

163 1386 284 1464 cognito
308 1384 434 1445 consilio
458 1383 583 1459 [Caesar]
612 1386 750 1463 legiones
777 1387 890 1464 plureS,
921 1407 1012 1463 quam
1034 1386 1164 1464 solebat,

162 1471 535 1550 educit,lequitatumque,
566 1492 656 1548 quem
685 1473 905 1532 consuetudine
932 1473 1165 1550 pabulatoribus

164 1556 285 1616 mittere
306 1557 450 1635 praesidio
474 1565 650 1632 consueret,
679 1559 846 1636 praemittit.
896 1559 977 1617 Huic
999 1559 1166 1637 interponit
1208 1592 1211 1597 ·

165 1642 277 1702 auxilia
299 1643 376 1704 levis
400 1651 575 1718 armaturae,
599 1643 666 1722 ipse
689 1664 757 1703 cum
779 1644 958 1721 legionibus,
983 1664 1075 1720 quam
1096 1653 1165 1723 pot-

164 1736 212 1788 est
232 1729 372 1804 maxime,
397 1730 631 1809 appropinquat.

249 1815 374 1874 XVIII.
420 1816 537 1875 Hostes
559 1816 591 1874 in
608 1815 727 1875 insidiis
744 1814 885 1893 dispositi
902 1835 995 1892 quum
1012 1816 1072 1876 sibi
1083 1816 1165 1876 dele-

104 1968 107 1973 ,
164 1900 283 1978 gissent
306 1921 445 1979 campum
474 1901 513 1960 ad
539 1922 604 1961 rem
631 1901 796 1978 gerendam
823 1921 884 1959 non
907 1902 1036 1980 amplius
1058 1909 1165 1981 paten-

162 1993 223 2045 tem
245 1986 277 2044 in
300 2006 405 2046 omnes
427 1994 531 2064 partes
554 1988 698 2065 passibus
721 1988 812 2062 mille,
842 1987 929 2047 silvis
957 1988 1091 2064 undique
1114 1997 1167 2047 aut

160 2071 419 2149 impetuosissimo
452 2071 575 2131 flumine
608 2073 756 2130 munitum
789 2072 875 2132 velut
907 2073 1051 2151 indagine
1083 2074 1165 2134 hunc

161 2156 279 2217 insidiis
320 2157 592 2218 circumdederunt.
655 2158 824 2236 Explorato
864 2159 998 2218 hostium
1037 2160 1164 2220 consilio

160 2244 257 2303 nostri
279 2244 318 2303 ad
339 2244 542 2322 proeliandum
574 2244 673 2304 auimo
708 2252 800 2320 atque
830 2245 922 2303 armis
949 2246 1050 2322 parati
1072 2266 1166 2322 quum

162 2331 419 2407 subsequentibus
458 2330 629 2409 legionibus
671 2330 787 2389 nullam
820 2330 1045 2391 dimicationem
1077 2351 1165 2391 recu·

163 2423 275 2491 sarent,
304 2417 459 2476 turmatim
491 2418 523 2476 11
552 2437 621 2475 eum
650 2416 750 2475 locum
780 2415 977 2475 devenerunt.
1029 2417 1166 2489 Quorum

166 2501 302 2563 adventu
341 2523 433 2578 quum
465 2502 524 2562 sibi
559 2502 689 2562 Correus
724 2501 857 2560 oblatam
897 2503 1088 2563 occasionem
1119 2503 1166 2562 rei

166 2588 310 2664 gerendae
334 2589 530 2663 existimaret,
564 2588 694 2666 primum
725 2608 794 2647 eum
823 2587 930 2665 paucis
966 2608 1000 2647 se
1030 2588 1167 2648 ostendit

164 2679 255 2748 atque
277 2674 309 2731 in
330 2674 485 2751 proximas
513 2681 630 2732 turmas
658 2675 804 2751 impetum
833 2672 917 2732 fecit.
962 2673 1070 2733 Nostri
1093 2693 1165 2734 001-

162 2765 280 2817 stanter
312 2759 467 2818 incursum
501 2760 653 2818 sustinent
684 2758 905 2834 insidiatorum,
938 2779 1037 2835 neque
1059 2760 1165 2838 plures

161 2843 192 2902 in
214 2864 307 2903 unum
334 2843 435 2903 locum
464 2844 662 2919 conveniunt,
693 2844 775 2920 quod
803 2845 982 2923 plerumque
1016 2846 1164 2922 equestri·

163 2930 221 2988 bus
253 2928 371 3008 proeliis
404 2950 497 3004 quum
536 2938 661 3008 propter
700 2930 830 3005 aliquem
869 2931 1008 2990 timorem
1041 2931 1164 3006 accidit,

160 3022 225 3074 tum
246 3015 440 3074 multitudine
461 3016 597 3094 ipsorum
621 3016 833 3075 detrimentum
857 3016 1014 3094 accipitur.

246 3101 338 3160 XIX.
384 3101 484 3172 Quum
506 3102 664 3180 dispositis
685 3102 794 3161 turmis
815 3103 847 3161 in
874 3101 974 3162 vicem
1000 3102 1062 3161 rari
1083 3123 1164 3180 proe-

160 3187 306 3246 liarentur
339 3205 436 3263 neque
469 3189 507 3247 ab
541 3188 689 3247 lateribus
723 3188 935 3248 circumveniri
968 3208 1041 3248 suos
1076 3195 1164 3266 pate·

162 3279 281 3346 rentur,
323 3281 486 3350 erumpunt
526 3273 620 3333 ceteri
655 3273 767 3333 Correo
800 3273 961 3351 proeliante
995 3293 1033 3333 ex
1065 3274 1164 3335 silvis.

162 3357 214 3418 Fit
236 3378 346 3434 magna
369 3359 561 3418 contentione
585 3359 740 3419 diversum
762 3360 912 3437 proelium.
959 3358 1048 3431 Quod
1071 3380 1166 3436 quum

163 3443 277 3502 diutius
299 3443 367 3521 pari
388 3444 487 3504 Marte
510 3445 645 3519 iniretur,
668 3445 815 3523 paulatim
844 3465 881 3504 ex
903 3444 990 3504 silvis
1012 3445 1165 3506 instructa

163 3529 325 3589 multitudo
347 3529 487 3607 procedit
508 3530 656 3609 peditum,
680 3551 747 3606 quae
776 3538 897 3590 nostros
926 3530 1027 3607 coegit
1054 3531 1165 3591 cedere

163 3617 295 3691 equites;
320 3615 430 3690 quibus
453 3616 593 3675 celeriter
615 3617 799 3676 subveniunt
825 3616 902 3677 levis
926 3623 1089 3676 armaturae
1110 3637 1164 3695 pe·

163 3700 252 3775 dites,
276 3721 352 3777 quos
381 3709 452 3761 ante
480 3702 616 3779 legiones
645 3702 757 3761 missos
780 3701 885 3776 docui,
913 3703 1083 3778 turmisque
1110 3723 1164 3762 no·

163 3792 295 3846 strorum
337 3787 511 3866 interpositi
550 3793 726 3846 constanter
762 3787 950 3864 proeliantur.
1006 3789 1165 3865 Pugnatur

163 3871 349 3947 aliquamdiu
371 3874 437 3950 pari
461 3872 669 3946 contentione3
694 3872 813 3948 deiude,
836 3878 870 3930 ut
891 3873 968 3932 ratio
985 3873 1166 3951 postulabat

163 3957 272 4033 praelii,
297 3957 348 4032 qui
371 3959 581 4018 sustinuerant
602 3957 716 4035 primos
738 3958 871 4036 impetus
896 3957 1082 4034 insidiarum,
1104 3959 1164 4019 hoc
