<?xml version="1.0" encoding="UTF-8"?>
<!DOCTYPE html PUBLIC "-//W3C//DTD XHTML 1.0 Transitional//EN"
    "http://www.w3.org/TR/xhtml1/DTD/xhtml1-transitional.dtd">
<html xmlns="http://www.w3.org/1999/xhtml" xml:lang="en" lang="en">
 <head>
  <title>
</title>
<meta http-equiv="Content-Type" content="text/html;charset=utf-8" />
  <meta name='ocr-system' content='tesseract 3.04.00' />
  <meta name='ocr-capabilities' content='ocr_page ocr_carea ocr_par ocr_line ocrx_word'/>
</head>
<body>
  <div class='ocr_page' id='page_1' title='image "./debellogallico00caesgoog_0051.png"; bbox 0 0 2670 4456; ppageno 0'>
   <div class='ocr_carea' id='block_1_1' title="bbox 145 267 844 334">
    <p class='ocr_par' dir='ltr' id='par_1_1' title="bbox 145 267 844 334">
     <span class='ocr_line' id='line_1_1' title="bbox 145 267 844 334; baseline 0 -12"><span class='ocrx_word' id='word_1_1' title='bbox 145 277 185 334; x_wconf 79' lang='lat'>42</span> <span class='ocrx_word' id='word_1_2' title='bbox 449 269 502 323; x_wconf 82' lang='lat' dir='ltr'>DE</span> <span class='ocrx_word' id='word_1_3' title='bbox 520 267 647 323; x_wconf 83' lang='lat' dir='ltr'>BELLO</span> <span class='ocrx_word' id='word_1_4' title='bbox 667 267 844 324; x_wconf 79' lang='lat' dir='ltr'>GALLIOO.</span> 
     </span>
    </p>
   </div>
   <div class='ocr_carea' id='block_1_2' title="bbox 143 463 1145 1143">
    <p class='ocr_par' dir='ltr' id='par_1_2' title="bbox 143 463 1145 1143">
     <span class='ocr_line' id='line_1_2' title="bbox 228 463 1145 541; baseline 0.001 -19"><span class='ocrx_word' id='word_1_5' title='bbox 228 463 371 522; x_wconf 83' lang='lat' dir='ltr'>XXXII.</span> <span class='ocrx_word' id='word_1_6' title='bbox 415 463 465 522; x_wconf 85' lang='lat' dir='ltr'>Ad</span> <span class='ocrx_word' id='word_1_7' title='bbox 485 465 553 524; x_wconf 84' lang='lat' dir='ltr'>haec</span> <span class='ocrx_word' id='word_1_8' title='bbox 571 463 675 523; x_wconf 84' lang='lat' dir='ltr'>Caesar</span> <span class='ocrx_word' id='word_1_9' title='bbox 696 464 866 541; x_wconf 89' lang='lat' dir='ltr'>respondit:</span> <span class='ocrx_word' id='word_1_10' title='bbox 891 463 931 523; x_wconf 86' lang='lat' dir='ltr'>Se</span> <span class='ocrx_word' id='word_1_11' title='bbox 953 464 1050 541; x_wconf 89' lang='lat' dir='ltr'>magis</span> <span class='ocrx_word' id='word_1_12' title='bbox 1074 484 1145 523; x_wconf 91' lang='lat' dir='ltr'>con·</span> 
     </span>
     <span class='ocr_line' id='line_1_3' title="bbox 144 550 1145 625; baseline 0 -15"><span class='ocrx_word' id='word_1_13' title='bbox 144 550 304 611; x_wconf 77' lang='lat' dir='ltr'>suetudine</span> <span class='ocrx_word' id='word_1_14' title='bbox 327 570 392 623; x_wconf 88' lang='lat' dir='ltr'>sua,</span> <span class='ocrx_word' id='word_1_15' title='bbox 416 570 506 625; x_wconf 90' lang='lat' dir='ltr'>quam</span> <span class='ocrx_word' id='word_1_16' title='bbox 533 551 639 609; x_wconf 90' lang='lat' dir='ltr'>merito</span> <span class='ocrx_word' id='word_1_17' title='bbox 669 562 779 609; x_wconf 87' lang='lat' dir='ltr'>eorum&#39;</span> <span class='ocrx_word' id='word_1_18' title='bbox 800 551 955 610; x_wconf 87' lang='lat' dir='ltr'>civitatem</span> <span class='ocrx_word' id='word_1_19' title='bbox 983 570 1145 610; x_wconf 87' lang='lat' dir='ltr'>conserve·</span> 
     </span>
     <span class='ocr_line' id='line_1_4' title="bbox 143 636 1145 713; baseline 0.001 -19"><span class='ocrx_word' id='word_1_20' title='bbox 143 644 253 710; x_wconf 91' lang='lat' dir='ltr'>turum,</span> <span class='ocrx_word' id='word_1_21' title='bbox 277 636 313 712; x_wconf 88' lang='lat' dir='ltr'>si,</span> <span class='ocrx_word' id='word_1_22' title='bbox 342 636 518 713; x_wconf 85' lang='lat' dir='ltr'>priusquam</span> <span class='ocrx_word' id='word_1_23' title='bbox 544 657 662 695; x_wconf 92' lang='lat' dir='ltr'>murum</span> <span class='ocrx_word' id='word_1_24' title='bbox 695 636 773 695; x_wconf 89' lang='lat' dir='ltr'>aries</span> <span class='ocrx_word' id='word_1_25' title='bbox 807 636 970 713; x_wconf 75' lang='lat' dir='ltr'>attigisset,</span> <span class='ocrx_word' id='word_1_26' title='bbox 1004 655 1038 695; x_wconf 88' lang='lat' dir='ltr'>se</span> <span class='ocrx_word' id='word_1_27' title='bbox 1061 636 1145 695; x_wconf 88' lang='lat' dir='ltr'>dedi-</span> 
     </span>
     <span class='ocr_line' id='line_1_5' title="bbox 144 720 1145 796; baseline -0.001 -16"><span class='ocrx_word' id='word_1_28' title='bbox 144 721 275 796; x_wconf 90' lang='lat' dir='ltr'>dissent;</span> <span class='ocrx_word' id='word_1_29' title='bbox 316 720 372 780; x_wconf 89' lang='lat' dir='ltr'>sed</span> <span class='ocrx_word' id='word_1_30' title='bbox 410 721 572 781; x_wconf 85' lang='lat' dir='ltr'>deditionis</span> <span class='ocrx_word' id='word_1_31' title='bbox 604 721 718 788; x_wconf 88' lang='lat' dir='ltr'>nullam</span> <span class='ocrx_word' id='word_1_32' title='bbox 745 741 813 781; x_wconf 91' lang='lat' dir='ltr'>esse</span> <span class='ocrx_word' id='word_1_33' title='bbox 848 721 1054 781; x_wconf 89' lang='lat' dir='ltr'>condicionem</span> <span class='ocrx_word' id='word_1_34' title='bbox 1086 722 1145 781; x_wconf 89' lang='lat' dir='ltr'>nisi</span> 
     </span>
     <span class='ocr_line' id='line_1_6' title="bbox 145 806 1145 883; baseline 0 -17"><span class='ocrx_word' id='word_1_35' title='bbox 145 808 237 866; x_wconf 89' lang='lat' dir='ltr'>armis</span> <span class='ocrx_word' id='word_1_36' title='bbox 260 807 394 881; x_wconf 72' lang='lat' dir='ltr'>traditis,</span> <span class='ocrx_word' id='word_1_37' title='bbox 429 827 463 866; x_wconf 90' lang='lat' dir='ltr'>se</span> <span class='ocrx_word' id='word_1_38' title='bbox 491 806 533 882; x_wconf 90' lang='lat' dir='ltr'>id,</span> <span class='ocrx_word' id='word_1_39' title='bbox 563 807 644 883; x_wconf 93' lang='lat' dir='ltr'>quod</span> <span class='ocrx_word' id='word_1_40' title='bbox 672 808 703 866; x_wconf 93' lang='lat' dir='ltr'>in</span> <span class='ocrx_word' id='word_1_41' title='bbox 731 807 853 868; x_wconf 85' lang='lat' dir='ltr'>Nerviis</span> <span class='ocrx_word' id='word_1_42' title='bbox 881 806 1015 882; x_wconf 82' lang='lat' dir='ltr'>fecisset,</span> <span class='ocrx_word' id='word_1_43' title='bbox 1045 806 1145 866; x_wconf 83' lang='lat' dir='ltr'>factu-</span> 
     </span>
     <span class='ocr_line' id='line_1_7' title="bbox 143 891 1144 971; baseline -0.001 -18"><span class='ocrx_word' id='word_1_44' title='bbox 143 914 210 953; x_wconf 91' lang='lat' dir='ltr'>rum</span> <span class='ocrx_word' id='word_1_45' title='bbox 230 891 426 969; x_wconf 86' lang='lat' dir='ltr'>finitimisque</span> <span class='ocrx_word' id='word_1_46' title='bbox 459 893 686 970; x_wconf 89' lang='lat' dir='ltr'>imperaturum,</span> <span class='ocrx_word' id='word_1_47' title='bbox 720 914 759 953; x_wconf 91' lang='lat' dir='ltr'>ne</span> <span class='ocrx_word' id='word_1_48' title='bbox 793 914 883 970; x_wconf 90' lang='lat' dir='ltr'>quam</span> <span class='ocrx_word' id='word_1_49' title='bbox 917 893 1068 953; x_wconf 79' lang='lat' dir='ltr'>dediticiis</span> <span class='ocrx_word' id='word_1_50' title='bbox 1091 914 1144 971; x_wconf 91' lang='lat' dir='ltr'>po-</span> 
     </span>
     <span class='ocr_line' id='line_1_8' title="bbox 143 978 1144 1057; baseline 0 -19"><span class='ocrx_word' id='word_1_51' title='bbox 143 979 208 1057; x_wconf 87' lang='lat' dir='ltr'>puli</span> <span class='ocrx_word' id='word_1_52' title='bbox 229 979 360 1038; x_wconf 85' lang='lat' dir='ltr'>Romani</span> <span class='ocrx_word' id='word_1_53' title='bbox 381 978 522 1055; x_wconf 83' lang='lat' dir='ltr'>injuriam</span> <span class='ocrx_word' id='word_1_54' title='bbox 544 978 701 1038; x_wconf 82' lang='lat' dir='ltr'>inferrent.</span> <span class='ocrx_word' id='word_1_55' title='bbox 751 979 799 1038; x_wconf 84' lang='lat' dir='ltr'>Re</span> <span class='ocrx_word' id='word_1_56' title='bbox 826 979 966 1038; x_wconf 89' lang='lat' dir='ltr'>nuntiata</span> <span class='ocrx_word' id='word_1_57' title='bbox 994 978 1033 1037; x_wconf 90' lang='lat' dir='ltr'>ad</span> <span class='ocrx_word' id='word_1_58' title='bbox 1062 998 1144 1054; x_wconf 90' lang='lat' dir='ltr'>suos,</span> 
     </span>
     <span class='ocr_line' id='line_1_9' title="bbox 144 1064 1145 1143; baseline 0 -20"><span class='ocrx_word' id='word_1_59' title='bbox 144 1085 211 1140; x_wconf 88' lang='lat' dir='ltr'>quae</span> <span class='ocrx_word' id='word_1_60' title='bbox 240 1065 469 1143; x_wconf 83' lang='lat' dir='ltr'>imperarentur,</span> <span class='ocrx_word' id='word_1_61' title='bbox 504 1064 606 1124; x_wconf 77' lang='lat' dir='ltr'>facere</span> <span class='ocrx_word' id='word_1_62' title='bbox 640 1065 789 1123; x_wconf 86' lang='lat' dir='ltr'>dixerunt.</span> <span class='ocrx_word' id='word_1_63' title='bbox 845 1064 1008 1124; x_wconf 85' lang='lat' dir='ltr'>Armorum</span> <span class='ocrx_word' id='word_1_64' title='bbox 1034 1085 1145 1143; x_wconf 82' lang='lat' dir='ltr'>magna</span> 
     </span>
    </p>
   </div>
   <div class='ocr_carea' id='block_1_3' title="bbox 41 1149 1142 1228">
    <p class='ocr_par' dir='ltr' id='par_1_3' title="bbox 41 1149 1142 1228">
     <span class='ocr_line' id='line_1_10' title="bbox 41 1149 1142 1228; baseline 0.002 -20"><span class='ocrx_word' id='word_1_65' title='bbox 41 1213 44 1217; x_wconf 61' lang='grc'>,</span> <span class='ocrx_word' id='word_1_66' title='bbox 143 1150 336 1210; x_wconf 88' lang='lat' dir='ltr'>multitudine</span> <span class='ocrx_word' id='word_1_67' title='bbox 358 1150 396 1210; x_wconf 87' lang='lat' dir='ltr'>de</span> <span class='ocrx_word' id='word_1_68' title='bbox 417 1171 503 1210; x_wconf 94' lang='lat' dir='ltr'>muro</span> <span class='ocrx_word' id='word_1_69' title='bbox 525 1151 557 1209; x_wconf 94' lang='lat' dir='ltr'>in</span> <span class='ocrx_word' id='word_1_70' title='bbox 578 1149 704 1226; x_wconf 82' lang='lat' dir='ltr'>fossam,</span> <span class='ocrx_word' id='word_1_71' title='bbox 716 1171 784 1226; x_wconf 86' lang='lat' dir='ltr'>quae</span> <span class='ocrx_word' id='word_1_72' title='bbox 808 1158 873 1209; x_wconf 91' lang='lat' dir='ltr'>erat</span> <span class='ocrx_word' id='word_1_73' title='bbox 896 1158 966 1209; x_wconf 90' lang='lat' dir='ltr'>ante</span> <span class='ocrx_word' id='word_1_74' title='bbox 990 1150 1142 1228; x_wconf 89' lang='lat' dir='ltr'>oppidum,</span> 
     </span>
    </p>
   </div>
   <div class='ocr_carea' id='block_1_4' title="bbox 119 1236 1145 3885">
    <p class='ocr_par' dir='ltr' id='par_1_4' title="bbox 140 1236 1144 1572">
     <span class='ocr_line' id='line_1_11' title="bbox 140 1236 1144 1314; baseline 0.001 -19"><span class='ocrx_word' id='word_1_75' title='bbox 140 1236 235 1313; x_wconf 87' lang='lat' dir='ltr'>jacta,</span> <span class='ocrx_word' id='word_1_76' title='bbox 259 1237 304 1296; x_wconf 90' lang='lat' dir='ltr'>sic</span> <span class='ocrx_word' id='word_1_77' title='bbox 325 1244 360 1294; x_wconf 91' lang='lat' dir='ltr'>ut</span> <span class='ocrx_word' id='word_1_78' title='bbox 381 1257 476 1314; x_wconf 88' lang='lat' dir='ltr'>prope</span> <span class='ocrx_word' id='word_1_79' title='bbox 499 1255 645 1295; x_wconf 90' lang='lat' dir='ltr'>summam</span> <span class='ocrx_word' id='word_1_80' title='bbox 667 1237 744 1294; x_wconf 90' lang='lat' dir='ltr'>muri</span> <span class='ocrx_word' id='word_1_81' title='bbox 756 1236 937 1314; x_wconf 84' lang='lat' dir='ltr'>aggerisque</span> <span class='ocrx_word' id='word_1_82' title='bbox 955 1236 1144 1296; x_wconf 79' lang='lat' dir='ltr'>altitudinem</span> 
     </span>
     <span class='ocr_line' id='line_1_12' title="bbox 143 1321 1144 1400; baseline 0.001 -19"><span class='ocrx_word' id='word_1_83' title='bbox 143 1323 245 1383; x_wconf 88' lang='lat' dir='ltr'>acervi</span> <span class='ocrx_word' id='word_1_84' title='bbox 279 1342 431 1381; x_wconf 91' lang='lat' dir='ltr'>armorum</span> <span class='ocrx_word' id='word_1_85' title='bbox 464 1321 670 1398; x_wconf 76' lang='lat' dir='ltr'>adaequarent,</span> <span class='ocrx_word' id='word_1_86' title='bbox 705 1329 736 1380; x_wconf 90' lang='lat' dir='ltr'>et</span> <span class='ocrx_word' id='word_1_87' title='bbox 769 1328 870 1381; x_wconf 90' lang='lat' dir='ltr'>tamen</span> <span class='ocrx_word' id='word_1_88' title='bbox 904 1323 1025 1381; x_wconf 83' lang='lat' dir='ltr'>circiter</span> <span class='ocrx_word' id='word_1_89' title='bbox 1056 1331 1144 1400; x_wconf 88' lang='lat' dir='ltr'>parte</span> 
     </span>
     <span class='ocr_line' id='line_1_13' title="bbox 143 1408 1143 1486; baseline 0.002 -20"><span class='ocrx_word' id='word_1_90' title='bbox 143 1408 242 1483; x_wconf 86' lang='lat' dir='ltr'>tertia,</span> <span class='ocrx_word' id='word_1_91' title='bbox 266 1415 301 1466; x_wconf 92' lang='lat' dir='ltr'>ut</span> <span class='ocrx_word' id='word_1_92' title='bbox 322 1415 431 1486; x_wconf 89' lang='lat' dir='ltr'>postea</span> <span class='ocrx_word' id='word_1_93' title='bbox 453 1416 648 1486; x_wconf 88' lang='lat' dir='ltr'>perspectum</span> <span class='ocrx_word' id='word_1_94' title='bbox 670 1417 727 1483; x_wconf 88' lang='lat' dir='ltr'>est,</span> <span class='ocrx_word' id='word_1_95' title='bbox 751 1409 849 1467; x_wconf 91' lang='lat' dir='ltr'>celata</span> <span class='ocrx_word' id='word_1_96' title='bbox 872 1416 964 1483; x_wconf 90' lang='lat' dir='ltr'>atque</span> <span class='ocrx_word' id='word_1_97' title='bbox 981 1409 1013 1472; x_wconf 87' lang='lat' dir='ltr'>iu</span> <span class='ocrx_word' id='word_1_98' title='bbox 1032 1408 1143 1486; x_wconf 90' lang='lat' dir='ltr'>oppido</span> 
     </span>
     <span class='ocr_line' id='line_1_14' title="bbox 143 1493 968 1572; baseline 0 -20"><span class='ocrx_word' id='word_1_99' title='bbox 143 1500 262 1552; x_wconf 90' lang='lat' dir='ltr'>retenta</span> <span class='ocrx_word' id='word_1_100' title='bbox 283 1493 380 1572; x_wconf 88' lang='lat' dir='ltr'>portis</span> <span class='ocrx_word' id='word_1_101' title='bbox 402 1493 565 1571; x_wconf 88' lang='lat' dir='ltr'>patefactis</span> <span class='ocrx_word' id='word_1_102' title='bbox 588 1514 622 1553; x_wconf 92' lang='lat' dir='ltr'>eo</span> <span class='ocrx_word' id='word_1_103' title='bbox 647 1493 695 1553; x_wconf 92' lang='lat' dir='ltr'>die</span> <span class='ocrx_word' id='word_1_104' title='bbox 717 1513 793 1571; x_wconf 88' lang='lat' dir='ltr'>pace</span> <span class='ocrx_word' id='word_1_105' title='bbox 816 1502 888 1552; x_wconf 90' lang='lat' dir='ltr'>sunt</span> <span class='ocrx_word' id='word_1_106' title='bbox 909 1494 968 1552; x_wconf 91' lang='lat' dir='ltr'>usi.</span> 
     </span>
    </p>

    <p class='ocr_par' dir='ltr' id='par_1_5' title="bbox 119 1578 1145 3523">
     <span class='ocr_line' id='line_1_15' title="bbox 228 1578 1143 1658; baseline 0 -20"><span class='ocrx_word' id='word_1_107' title='bbox 228 1579 388 1638; x_wconf 87' lang='lat' dir='ltr'>XXXIII.</span> <span class='ocrx_word' id='word_1_108' title='bbox 434 1579 497 1638; x_wconf 85' lang='lat' dir='ltr'>Sub</span> <span class='ocrx_word' id='word_1_109' title='bbox 521 1600 683 1657; x_wconf 89' lang='lat' dir='ltr'>vesperum</span> <span class='ocrx_word' id='word_1_110' title='bbox 695 1578 799 1638; x_wconf 83' lang='lat' dir='ltr'>Caesar</span> <span class='ocrx_word' id='word_1_111' title='bbox 820 1587 926 1658; x_wconf 89' lang='lat' dir='ltr'>portas</span> <span class='ocrx_word' id='word_1_112' title='bbox 949 1579 1050 1638; x_wconf 90' lang='lat' dir='ltr'>claudi</span> <span class='ocrx_word' id='word_1_113' title='bbox 1067 1581 1143 1638; x_wconf 90' lang='lat' dir='ltr'>mili·</span> 
     </span>
     <span class='ocr_line' id='line_1_16' title="bbox 143 1665 1144 1744; baseline 0.002 -22"><span class='ocrx_word' id='word_1_114' title='bbox 143 1671 251 1740; x_wconf 90' lang='lat' dir='ltr'>tesque</span> <span class='ocrx_word' id='word_1_115' title='bbox 274 1685 311 1724; x_wconf 86' lang='lat' dir='ltr'>ex</span> <span class='ocrx_word' id='word_1_116' title='bbox 333 1665 444 1744; x_wconf 93' lang='lat' dir='ltr'>oppido</span> <span class='ocrx_word' id='word_1_117' title='bbox 467 1666 549 1724; x_wconf 89' lang='lat' dir='ltr'>exire</span> <span class='ocrx_word' id='word_1_118' title='bbox 568 1665 671 1743; x_wconf 89' lang='lat' dir='ltr'>jussit,</span> <span class='ocrx_word' id='word_1_119' title='bbox 700 1685 738 1724; x_wconf 91' lang='lat' dir='ltr'>ne</span> <span class='ocrx_word' id='word_1_120' title='bbox 761 1686 852 1741; x_wconf 92' lang='lat' dir='ltr'>quam</span> <span class='ocrx_word' id='word_1_121' title='bbox 880 1673 972 1724; x_wconf 91' lang='lat' dir='ltr'>noctu</span> <span class='ocrx_word' id='word_1_122' title='bbox 1001 1665 1144 1743; x_wconf 89' lang='lat' dir='ltr'>oppidani</span> 
     </span>
     <span class='ocr_line' id='line_1_17' title="bbox 143 1750 1144 1830; baseline 0.001 -21"><span class='ocrx_word' id='word_1_123' title='bbox 143 1751 181 1809; x_wconf 89' lang='lat' dir='ltr'>ab</span> <span class='ocrx_word' id='word_1_124' title='bbox 203 1751 349 1811; x_wconf 89' lang='lat' dir='ltr'>militibus</span> <span class='ocrx_word' id='word_1_125' title='bbox 371 1751 513 1828; x_wconf 90' lang='lat' dir='ltr'>injuriam</span> <span class='ocrx_word' id='word_1_126' title='bbox 535 1752 717 1830; x_wconf 88' lang='lat' dir='ltr'>acciperent.</span> <span class='ocrx_word' id='word_1_127' title='bbox 762 1752 814 1810; x_wconf 90' lang='lat' dir='ltr'>Illi</span> <span class='ocrx_word' id='word_1_128' title='bbox 836 1759 906 1811; x_wconf 88' lang='lat' dir='ltr'>ante</span> <span class='ocrx_word' id='word_1_129' title='bbox 928 1750 1013 1827; x_wconf 89' lang='lat' dir='ltr'>inito,</span> <span class='ocrx_word' id='word_1_130' title='bbox 1042 1761 1076 1810; x_wconf 92' lang='lat' dir='ltr'>ut</span> <span class='ocrx_word' id='word_1_131' title='bbox 1099 1752 1144 1810; x_wconf 93' lang='lat' dir='ltr'>in-</span> 
     </span>
     <span class='ocr_line' id='line_1_18' title="bbox 143 1835 1143 1913; baseline 0.002 -19"><span class='ocrx_word' id='word_1_132' title='bbox 143 1836 300 1895; x_wconf 88' lang='lat' dir='ltr'>tellectum</span> <span class='ocrx_word' id='word_1_133' title='bbox 333 1844 394 1911; x_wconf 90' lang='lat' dir='ltr'>est,</span> <span class='ocrx_word' id='word_1_134' title='bbox 430 1838 570 1910; x_wconf 90' lang='lat' dir='ltr'>consilio,</span> <span class='ocrx_word' id='word_1_135' title='bbox 606 1836 687 1913; x_wconf 92' lang='lat' dir='ltr'>quod</span> <span class='ocrx_word' id='word_1_136' title='bbox 720 1835 872 1896; x_wconf 91' lang='lat' dir='ltr'>deditione</span> <span class='ocrx_word' id='word_1_137' title='bbox 905 1837 989 1896; x_wconf 87' lang='lat' dir='ltr'>facta</span> <span class='ocrx_word' id='word_1_138' title='bbox 1021 1845 1143 1897; x_wconf 89' lang='lat' dir='ltr'>nostros</span> 
     </span>
     <span class='ocr_line' id='line_1_19' title="bbox 142 1921 1144 2000; baseline 0.003 -21"><span class='ocrx_word' id='word_1_139' title='bbox 142 1921 287 1999; x_wconf 88' lang='lat' dir='ltr'>praesidia</span> <span class='ocrx_word' id='word_1_140' title='bbox 309 1922 493 1982; x_wconf 89' lang='lat' dir='ltr'>deducturos</span> <span class='ocrx_word' id='word_1_141' title='bbox 516 1931 569 1982; x_wconf 90' lang='lat' dir='ltr'>aut</span> <span class='ocrx_word' id='word_1_142' title='bbox 587 1922 716 1998; x_wconf 91' lang='lat' dir='ltr'>denique</span> <span class='ocrx_word' id='word_1_143' title='bbox 738 1922 945 2000; x_wconf 88' lang='lat' dir='ltr'>indiligentius</span> <span class='ocrx_word' id='word_1_144' title='bbox 968 1931 1144 1982; x_wconf 87' lang='lat' dir='ltr'>servaturos</span> 
     </span>
     <span class='ocr_line' id='line_1_20' title="bbox 144 2006 1143 2085; baseline 0.004 -20"><span class='ocrx_word' id='word_1_145' title='bbox 144 2006 344 2082; x_wconf 89' lang='lat' dir='ltr'>crediderant,</span> <span class='ocrx_word' id='word_1_146' title='bbox 367 2008 478 2085; x_wconf 90' lang='lat' dir='ltr'>partim</span> <span class='ocrx_word' id='word_1_147' title='bbox 501 2029 569 2067; x_wconf 92' lang='lat' dir='ltr'>cum</span> <span class='ocrx_word' id='word_1_148' title='bbox 590 2008 638 2083; x_wconf 90' lang='lat' dir='ltr'>iis,</span> <span class='ocrx_word' id='word_1_149' title='bbox 668 2028 735 2084; x_wconf 87' lang='lat' dir='ltr'>quae</span> <span class='ocrx_word' id='word_1_150' title='bbox 757 2009 945 2067; x_wconf 89' lang='lat' dir='ltr'>retinuerant</span> <span class='ocrx_word' id='word_1_151' title='bbox 967 2015 998 2067; x_wconf 87' lang='lat' dir='ltr'>et</span> <span class='ocrx_word' id='word_1_152' title='bbox 1026 2009 1143 2069; x_wconf 87' lang='lat' dir='ltr'>celave-</span> 
     </span>
     <span class='ocr_line' id='line_1_21' title="bbox 119 2093 1143 2171; baseline 0.003 -20"><span class='ocrx_word' id='word_1_153' title='bbox 119 2137 120 2141; x_wconf 65' lang='lat'>,</span> <span class='ocrx_word' id='word_1_154' title='bbox 143 2099 221 2168; x_wconf 90' lang='lat' dir='ltr'>rant,</span> <span class='ocrx_word' id='word_1_155' title='bbox 245 2093 346 2166; x_wconf 90' lang='lat' dir='ltr'>armis,</span> <span class='ocrx_word' id='word_1_156' title='bbox 369 2094 480 2171; x_wconf 88' lang='lat' dir='ltr'>partim</span> <span class='ocrx_word' id='word_1_157' title='bbox 502 2094 596 2152; x_wconf 89' lang='lat' dir='ltr'>scutis</span> <span class='ocrx_word' id='word_1_158' title='bbox 627 2115 663 2153; x_wconf 89' lang='lat' dir='ltr'>ex</span> <span class='ocrx_word' id='word_1_159' title='bbox 692 2094 804 2153; x_wconf 84' lang='lat' dir='ltr'>cortice</span> <span class='ocrx_word' id='word_1_160' title='bbox 831 2093 921 2153; x_wconf 85' lang='lat' dir='ltr'>factis</span> <span class='ocrx_word' id='word_1_161' title='bbox 952 2102 1004 2153; x_wconf 88' lang='lat' dir='ltr'>aut</span> <span class='ocrx_word' id='word_1_162' title='bbox 1026 2095 1143 2154; x_wconf 86' lang='lat' dir='ltr'>vimini-</span> 
     </span>
     <span class='ocr_line' id='line_1_22' title="bbox 143 2179 1143 2258; baseline 0.003 -22"><span class='ocrx_word' id='word_1_163' title='bbox 143 2179 200 2238; x_wconf 91' lang='lat' dir='ltr'>bus</span> <span class='ocrx_word' id='word_1_164' title='bbox 222 2179 357 2253; x_wconf 85' lang='lat' dir='ltr'>intextis,</span> <span class='ocrx_word' id='word_1_165' title='bbox 382 2199 449 2254; x_wconf 87' lang='lat' dir='ltr'>quae</span> <span class='ocrx_word' id='word_1_166' title='bbox 472 2180 582 2254; x_wconf 91' lang='lat' dir='ltr'>subito,</span> <span class='ocrx_word' id='word_1_167' title='bbox 606 2186 641 2237; x_wconf 93' lang='lat' dir='ltr'>ut</span> <span class='ocrx_word' id='word_1_168' title='bbox 661 2180 806 2257; x_wconf 90' lang='lat' dir='ltr'>temporis</span> <span class='ocrx_word' id='word_1_169' title='bbox 829 2181 978 2257; x_wconf 84' lang='lat' dir='ltr'>exiguitas</span> <span class='ocrx_word' id='word_1_170' title='bbox 1007 2181 1143 2258; x_wconf 90' lang='lat' dir='ltr'>postula-</span> 
     </span>
     <span class='ocr_line' id='line_1_23' title="bbox 142 2264 1143 2342; baseline 0.003 -20"><span class='ocrx_word' id='word_1_171' title='bbox 142 2265 205 2341; x_wconf 89' lang='lat' dir='ltr'>bat,</span> <span class='ocrx_word' id='word_1_172' title='bbox 228 2265 361 2342; x_wconf 89' lang='lat' dir='ltr'>pellibus</span> <span class='ocrx_word' id='word_1_173' title='bbox 383 2264 575 2340; x_wconf 84' lang='lat' dir='ltr'>induxerant,</span> <span class='ocrx_word' id='word_1_174' title='bbox 609 2265 701 2324; x_wconf 90' lang='lat' dir='ltr'>tertia</span> <span class='ocrx_word' id='word_1_175' title='bbox 728 2265 842 2342; x_wconf 89' lang='lat' dir='ltr'>vigilia,</span> <span class='ocrx_word' id='word_1_176' title='bbox 871 2286 931 2341; x_wconf 94' lang='lat' dir='ltr'>qua</span> <span class='ocrx_word' id='word_1_177' title='bbox 953 2265 1073 2325; x_wconf 92' lang='lat' dir='ltr'>minime</span> <span class='ocrx_word' id='word_1_178' title='bbox 1096 2287 1143 2325; x_wconf 87' lang='lat' dir='ltr'>ar-</span> 
     </span>
     <span class='ocr_line' id='line_1_24' title="bbox 144 2350 1144 2427; baseline 0.001 -18"><span class='ocrx_word' id='word_1_179' title='bbox 144 2350 221 2410; x_wconf 91' lang='lat' dir='ltr'>duus</span> <span class='ocrx_word' id='word_1_180' title='bbox 245 2351 286 2410; x_wconf 89' lang='lat' dir='ltr'>ad</span> <span class='ocrx_word' id='word_1_181' title='bbox 317 2358 439 2411; x_wconf 88' lang='lat' dir='ltr'>nostras</span> <span class='ocrx_word' id='word_1_182' title='bbox 467 2351 649 2410; x_wconf 87' lang='lat' dir='ltr'>munitiones</span> <span class='ocrx_word' id='word_1_183' title='bbox 678 2371 825 2411; x_wconf 87' lang='lat' dir='ltr'>ascensus</span> <span class='ocrx_word' id='word_1_184' title='bbox 854 2351 1026 2427; x_wconf 88' lang='lat' dir='ltr'>videbatur,</span> <span class='ocrx_word' id='word_1_185' title='bbox 1051 2353 1144 2411; x_wconf 91' lang='lat' dir='ltr'>omni·</span> 
     </span>
     <span class='ocr_line' id='line_1_25' title="bbox 143 2437 1143 2516; baseline 0.002 -22"><span class='ocrx_word' id='word_1_186' title='bbox 143 2437 201 2495; x_wconf 88' lang='lat' dir='ltr'>bus</span> <span class='ocrx_word' id='word_1_187' title='bbox 243 2437 338 2514; x_wconf 86' lang='lat' dir='ltr'>copiis</span> <span class='ocrx_word' id='word_1_188' title='bbox 372 2438 530 2515; x_wconf 90' lang='lat' dir='ltr'>repentino</span> <span class='ocrx_word' id='word_1_189' title='bbox 564 2457 602 2496; x_wconf 87' lang='lat' dir='ltr'>ex</span> <span class='ocrx_word' id='word_1_190' title='bbox 635 2437 746 2516; x_wconf 92' lang='lat' dir='ltr'>oppido</span> <span class='ocrx_word' id='word_1_191' title='bbox 777 2437 964 2515; x_wconf 90' lang='lat' dir='ltr'>eruptionem</span> <span class='ocrx_word' id='word_1_192' title='bbox 997 2437 1143 2496; x_wconf 83' lang='lat' dir='ltr'>fecerunt.</span> 
     </span>
     <span class='ocr_line' id='line_1_26' title="bbox 145 2520 1144 2601; baseline 0.003 -22"><span class='ocrx_word' id='word_1_193' title='bbox 145 2520 301 2598; x_wconf 76' lang='lat' dir='ltr'>Celeriter,</span> <span class='ocrx_word' id='word_1_194' title='bbox 336 2530 370 2582; x_wconf 94' lang='lat' dir='ltr'>ut</span> <span class='ocrx_word' id='word_1_195' title='bbox 404 2531 474 2582; x_wconf 87' lang='lat' dir='ltr'>ante</span> <span class='ocrx_word' id='word_1_196' title='bbox 498 2522 602 2582; x_wconf 84' lang='lat' dir='ltr'>Caesar</span> <span class='ocrx_word' id='word_1_197' title='bbox 634 2524 807 2601; x_wconf 90' lang='lat' dir='ltr'>imperarat,</span> <span class='ocrx_word' id='word_1_198' title='bbox 841 2523 963 2600; x_wconf 89' lang='lat' dir='ltr'>ignibus</span> <span class='ocrx_word' id='word_1_199' title='bbox 992 2522 1144 2600; x_wconf 89' lang='lat' dir='ltr'>significa-</span> 
     </span>
     <span class='ocr_line' id='line_1_27' title="bbox 143 2606 1144 2686; baseline 0.004 -22"><span class='ocrx_word' id='word_1_200' title='bbox 143 2607 225 2665; x_wconf 91' lang='lat' dir='ltr'>tione</span> <span class='ocrx_word' id='word_1_201' title='bbox 269 2606 351 2666; x_wconf 78' lang='lat' dir='ltr'>iacta</span> <span class='ocrx_word' id='word_1_202' title='bbox 395 2628 432 2667; x_wconf 89' lang='lat' dir='ltr'>ex</span> <span class='ocrx_word' id='word_1_203' title='bbox 464 2609 609 2686; x_wconf 91' lang='lat' dir='ltr'>proximis</span> <span class='ocrx_word' id='word_1_204' title='bbox 643 2610 778 2668; x_wconf 87' lang='lat' dir='ltr'>castellis</span> <span class='ocrx_word' id='word_1_205' title='bbox 813 2629 848 2667; x_wconf 91' lang='lat' dir='ltr'>eo</span> <span class='ocrx_word' id='word_1_206' title='bbox 882 2629 1063 2667; x_wconf 89' lang='lat' dir='ltr'>concursum</span> <span class='ocrx_word' id='word_1_207' title='bbox 1097 2618 1144 2668; x_wconf 90' lang='lat' dir='ltr'>est</span> 
     </span>
     <span class='ocr_line' id='line_1_28' title="bbox 142 2694 1143 2769; baseline 0.003 -19"><span class='ocrx_word' id='word_1_208' title='bbox 142 2700 370 2769; x_wconf 86' lang='lat' dir='ltr'>pugnatumque</span> <span class='ocrx_word' id='word_1_209' title='bbox 393 2695 431 2752; x_wconf 90' lang='lat' dir='ltr'>ab</span> <span class='ocrx_word' id='word_1_210' title='bbox 454 2694 593 2753; x_wconf 91' lang='lat' dir='ltr'>hostibus</span> <span class='ocrx_word' id='word_1_211' title='bbox 616 2695 659 2752; x_wconf 87' lang='lat' dir='ltr'>ita</span> <span class='ocrx_word' id='word_1_212' title='bbox 681 2695 791 2753; x_wconf 90' lang='lat' dir='ltr'>acriter</span> <span class='ocrx_word' id='word_1_213' title='bbox 814 2702 871 2769; x_wconf 89' lang='lat' dir='ltr'>est,</span> <span class='ocrx_word' id='word_1_214' title='bbox 894 2702 928 2753; x_wconf 91' lang='lat' dir='ltr'>ut</span> <span class='ocrx_word' id='word_1_215' title='bbox 950 2715 968 2753; x_wconf 89' lang='lat' dir='ltr'>e</span> <span class='ocrx_word' id='word_1_216' title='bbox 990 2695 1063 2755; x_wconf 87' lang='lat' dir='ltr'>viris</span> <span class='ocrx_word' id='word_1_217' title='bbox 1082 2694 1143 2754; x_wconf 87' lang='lat' dir='ltr'>for-</span> 
     </span>
     <span class='ocr_line' id='line_1_29' title="bbox 143 2778 1143 2856; baseline 0.004 -21"><span class='ocrx_word' id='word_1_218' title='bbox 143 2778 225 2836; x_wconf 90' lang='lat' dir='ltr'>tibus</span> <span class='ocrx_word' id='word_1_219' title='bbox 247 2778 279 2836; x_wconf 94' lang='lat' dir='ltr'>in</span> <span class='ocrx_word' id='word_1_220' title='bbox 302 2786 436 2837; x_wconf 89' lang='lat' dir='ltr'>extrema</span> <span class='ocrx_word' id='word_1_221' title='bbox 468 2799 522 2856; x_wconf 91' lang='lat' dir='ltr'>spe</span> <span class='ocrx_word' id='word_1_222' title='bbox 556 2779 673 2854; x_wconf 88' lang='lat' dir='ltr'>salutis,</span> <span class='ocrx_word' id='word_1_223' title='bbox 707 2780 809 2854; x_wconf 89' lang='lat' dir='ltr'>iniquo</span> <span class='ocrx_word' id='word_1_224' title='bbox 837 2780 914 2855; x_wconf 89' lang='lat' dir='ltr'>loco,</span> <span class='ocrx_word' id='word_1_225' title='bbox 945 2788 1051 2839; x_wconf 90' lang='lat' dir='ltr'>contra</span> <span class='ocrx_word' id='word_1_226' title='bbox 1081 2800 1143 2855; x_wconf 83' lang='lat' dir='ltr'>ece,</span> 
     </span>
     <span class='ocr_line' id='line_1_30' title="bbox 144 2863 1144 2943; baseline 0.004 -22"><span class='ocrx_word' id='word_1_227' title='bbox 144 2863 255 2938; x_wconf 87' lang='lat' dir='ltr'>quiex</span> <span class='ocrx_word' id='word_1_228' title='bbox 277 2864 357 2924; x_wconf 87' lang='lat' dir='ltr'>vallo</span> <span class='ocrx_word' id='word_1_229' title='bbox 380 2864 576 2940; x_wconf 89' lang='lat' dir='ltr'>turribusque</span> <span class='ocrx_word' id='word_1_230' title='bbox 598 2865 660 2923; x_wconf 88' lang='lat' dir='ltr'>tela</span> <span class='ocrx_word' id='word_1_231' title='bbox 683 2864 839 2941; x_wconf 89' lang='lat' dir='ltr'>jacerent,</span> <span class='ocrx_word' id='word_1_232' title='bbox 868 2866 997 2943; x_wconf 85' lang='lat' dir='ltr'>pugnari</span> <span class='ocrx_word' id='word_1_233' title='bbox 1027 2865 1144 2940; x_wconf 85' lang='lat' dir='ltr'>debuit,</span> 
     </span>
     <span class='ocr_line' id='line_1_31' title="bbox 144 2950 1144 3028; baseline 0.002 -21"><span class='ocrx_word' id='word_1_234' title='bbox 144 2969 236 3024; x_wconf 91' lang='lat' dir='ltr'>quum</span> <span class='ocrx_word' id='word_1_235' title='bbox 269 2950 301 3008; x_wconf 89' lang='lat' dir='ltr'>in</span> <span class='ocrx_word' id='word_1_236' title='bbox 328 2971 389 3009; x_wconf 90' lang='lat' dir='ltr'>una</span> <span class='ocrx_word' id='word_1_237' title='bbox 421 2951 534 3010; x_wconf 87' lang='lat' dir='ltr'>virtute</span> <span class='ocrx_word' id='word_1_238' title='bbox 575 2951 671 3010; x_wconf 91' lang='lat' dir='ltr'>omnis</span> <span class='ocrx_word' id='word_1_239' title='bbox 705 2970 777 3028; x_wconf 89' lang='lat' dir='ltr'>spes</span> <span class='ocrx_word' id='word_1_240' title='bbox 811 2951 918 3011; x_wconf 87' lang='lat' dir='ltr'>salutis</span> <span class='ocrx_word' id='word_1_241' title='bbox 952 2951 1144 3011; x_wconf 87' lang='lat' dir='ltr'>consisteret.</span> 
     </span>
     <span class='ocr_line' id='line_1_32' title="bbox 144 3033 1144 3116; baseline 0.002 -22"><span class='ocrx_word' id='word_1_242' title='bbox 144 3033 263 3095; x_wconf 89' lang='lat' dir='ltr'>Occisis</span> <span class='ocrx_word' id='word_1_243' title='bbox 286 3035 325 3095; x_wconf 91' lang='lat' dir='ltr'>ad</span> <span class='ocrx_word' id='word_1_244' title='bbox 346 3037 500 3095; x_wconf 91' lang='lat' dir='ltr'>hominum</span> <span class='ocrx_word' id='word_1_245' title='bbox 532 3036 653 3095; x_wconf 89' lang='lat' dir='ltr'>milibus</span> <span class='ocrx_word' id='word_1_246' title='bbox 687 3043 831 3112; x_wconf 85' lang='lat' dir='ltr'>quattuor</span> <span class='ocrx_word' id='word_1_247' title='bbox 857 3037 966 3112; x_wconf 89' lang='lat' dir='ltr'>reliqui</span> <span class='ocrx_word' id='word_1_248' title='bbox 998 3038 1030 3096; x_wconf 94' lang='lat' dir='ltr'>in</span> <span class='ocrx_word' id='word_1_249' title='bbox 1060 3039 1144 3116; x_wconf 92' lang='lat' dir='ltr'>oppi-</span> 
     </span>
     <span class='ocr_line' id='line_1_33' title="bbox 145 3120 1144 3201; baseline 0.003 -22"><span class='ocrx_word' id='word_1_250' title='bbox 145 3120 217 3179; x_wconf 92' lang='lat' dir='ltr'>dum</span> <span class='ocrx_word' id='word_1_251' title='bbox 240 3121 348 3198; x_wconf 86' lang='lat' dir='ltr'>rejecti</span> <span class='ocrx_word' id='word_1_252' title='bbox 370 3130 449 3181; x_wconf 90' lang='lat' dir='ltr'>sunt.</span> <span class='ocrx_word' id='word_1_253' title='bbox 498 3121 651 3181; x_wconf 89' lang='lat' dir='ltr'>Postridie</span> <span class='ocrx_word' id='word_1_254' title='bbox 682 3122 749 3199; x_wconf 91' lang='lat' dir='ltr'>ejus</span> <span class='ocrx_word' id='word_1_255' title='bbox 781 3122 841 3181; x_wconf 89' lang='lat' dir='ltr'>diei</span> <span class='ocrx_word' id='word_1_256' title='bbox 868 3122 1009 3182; x_wconf 84' lang='lat' dir='ltr'>refractis</span> <span class='ocrx_word' id='word_1_257' title='bbox 1037 3125 1144 3201; x_wconf 87' lang='lat' dir='ltr'>portis,</span> 
     </span>
     <span class='ocr_line' id='line_1_34' title="bbox 144 3206 1145 3284; baseline 0.004 -21"><span class='ocrx_word' id='word_1_258' title='bbox 144 3226 236 3280; x_wconf 92' lang='lat' dir='ltr'>quum</span> <span class='ocrx_word' id='word_1_259' title='bbox 254 3206 320 3283; x_wconf 88' lang='lat' dir='ltr'>jam</span> <span class='ocrx_word' id='word_1_260' title='bbox 343 3206 521 3267; x_wconf 82' lang='lat' dir='ltr'>defenderet</span> <span class='ocrx_word' id='word_1_261' title='bbox 541 3227 638 3282; x_wconf 90' lang='lat' dir='ltr'>nemo,</span> <span class='ocrx_word' id='word_1_262' title='bbox 670 3216 761 3284; x_wconf 91' lang='lat' dir='ltr'>atque</span> <span class='ocrx_word' id='word_1_263' title='bbox 789 3209 970 3268; x_wconf 89' lang='lat' dir='ltr'>intromissis</span> <span class='ocrx_word' id='word_1_264' title='bbox 998 3209 1145 3268; x_wconf 91' lang='lat' dir='ltr'>militibus</span> 
     </span>
     <span class='ocr_line' id='line_1_35' title="bbox 142 3292 1143 3371; baseline 0.002 -21"><span class='ocrx_word' id='word_1_265' title='bbox 142 3292 257 3350; x_wconf 87' lang='lat' dir='ltr'>nostris</span> <span class='ocrx_word' id='word_1_266' title='bbox 280 3292 444 3352; x_wconf 87' lang='lat' dir='ltr'>sectionem</span> <span class='ocrx_word' id='word_1_267' title='bbox 478 3293 545 3370; x_wconf 89' lang='lat' dir='ltr'>ejus</span> <span class='ocrx_word' id='word_1_268' title='bbox 579 3293 682 3371; x_wconf 89' lang='lat' dir='ltr'>oppidi</span> <span class='ocrx_word' id='word_1_269' title='bbox 714 3295 889 3354; x_wconf 89' lang='lat' dir='ltr'>universam</span> <span class='ocrx_word' id='word_1_270' title='bbox 912 3293 1016 3353; x_wconf 79' lang='lat' dir='ltr'>Caesar</span> <span class='ocrx_word' id='word_1_271' title='bbox 1037 3294 1143 3355; x_wconf 86' lang='lat' dir='ltr'>vendi·</span> 
     </span>
     <span class='ocr_line' id='line_1_36' title="bbox 144 3376 1142 3457; baseline 0.005 -23"><span class='ocrx_word' id='word_1_272' title='bbox 144 3376 198 3435; x_wconf 91' lang='lat' dir='ltr'>dit.</span> <span class='ocrx_word' id='word_1_273' title='bbox 237 3377 285 3435; x_wconf 87' lang='lat' dir='ltr'>Ab</span> <span class='ocrx_word' id='word_1_274' title='bbox 308 3377 356 3452; x_wconf 88' lang='lat' dir='ltr'>iis,</span> <span class='ocrx_word' id='word_1_275' title='bbox 380 3378 432 3452; x_wconf 93' lang='lat' dir='ltr'>qui</span> <span class='ocrx_word' id='word_1_276' title='bbox 454 3385 597 3454; x_wconf 88' lang='lat' dir='ltr'>emerant,</span> <span class='ocrx_word' id='word_1_277' title='bbox 621 3380 755 3457; x_wconf 87' lang='lat' dir='ltr'>capitum</span> <span class='ocrx_word' id='word_1_278' title='bbox 776 3400 919 3439; x_wconf 86' lang='lat' dir='ltr'>numerus</span> <span class='ocrx_word' id='word_1_279' title='bbox 943 3380 982 3439; x_wconf 87' lang='lat' dir='ltr'>ad</span> <span class='ocrx_word' id='word_1_280' title='bbox 1005 3401 1073 3439; x_wconf 90' lang='lat' dir='ltr'>eum</span> <span class='ocrx_word' id='word_1_281' title='bbox 1095 3399 1142 3439; x_wconf 92' lang='lat' dir='ltr'>re-</span> 
     </span>
     <span class='ocr_line' id='line_1_37' title="bbox 144 3463 548 3523; baseline 0.007 -3"><span class='ocrx_word' id='word_1_282' title='bbox 144 3463 226 3522; x_wconf 89' lang='lat' dir='ltr'>latus</span> <span class='ocrx_word' id='word_1_283' title='bbox 250 3470 298 3521; x_wconf 90' lang='lat' dir='ltr'>est</span> <span class='ocrx_word' id='word_1_284' title='bbox 321 3463 436 3521; x_wconf 91' lang='lat' dir='ltr'>milium</span> <span class='ocrx_word' id='word_1_285' title='bbox 457 3464 548 3523; x_wconf 91' lang='lat' dir='ltr'>LIII.</span> 
     </span>
    </p>

    <p class='ocr_par' dir='ltr' id='par_1_6' title="bbox 142 3547 1145 3885">
     <span class='ocr_line' id='line_1_38' title="bbox 227 3547 1144 3627; baseline 0.002 -20"><span class='ocrx_word' id='word_1_286' title='bbox 227 3547 381 3608; x_wconf 89' lang='lat' dir='ltr'>XXXIV.</span> <span class='ocrx_word' id='word_1_287' title='bbox 425 3549 542 3609; x_wconf 85' lang='lat' dir='ltr'>Eodem</span> <span class='ocrx_word' id='word_1_288' title='bbox 564 3557 700 3627; x_wconf 91' lang='lat' dir='ltr'>tempore</span> <span class='ocrx_word' id='word_1_289' title='bbox 723 3571 741 3608; x_wconf 89' lang='lat' dir='ltr'>a</span> <span class='ocrx_word' id='word_1_290' title='bbox 762 3551 796 3608; x_wconf 88' lang='lat' dir='ltr'>P.</span> <span class='ocrx_word' id='word_1_291' title='bbox 817 3549 938 3625; x_wconf 82' lang='lat' dir='ltr'>Orasso,</span> <span class='ocrx_word' id='word_1_292' title='bbox 962 3571 1053 3627; x_wconf 87' lang='lat' dir='ltr'>quern</span> <span class='ocrx_word' id='word_1_293' title='bbox 1075 3572 1144 3610; x_wconf 89' lang='lat' dir='ltr'>cum</span> 
     </span>
     <span class='ocr_line' id='line_1_39' title="bbox 142 3633 1144 3711; baseline 0.002 -19"><span class='ocrx_word' id='word_1_294' title='bbox 142 3633 262 3711; x_wconf 87' lang='lat' dir='ltr'>legione</span> <span class='ocrx_word' id='word_1_295' title='bbox 284 3655 345 3693; x_wconf 89' lang='lat' dir='ltr'>una</span> <span class='ocrx_word' id='word_1_296' title='bbox 367 3634 492 3694; x_wconf 87' lang='lat' dir='ltr'>miserat</span> <span class='ocrx_word' id='word_1_297' title='bbox 515 3635 554 3694; x_wconf 91' lang='lat' dir='ltr'>ad</span> <span class='ocrx_word' id='word_1_298' title='bbox 576 3635 721 3710; x_wconf 89' lang='lat' dir='ltr'>Venetos,</span> <span class='ocrx_word' id='word_1_299' title='bbox 745 3635 881 3711; x_wconf 91' lang='lat' dir='ltr'>Unellos,</span> <span class='ocrx_word' id='word_1_300' title='bbox 912 3636 1059 3711; x_wconf 88' lang='lat' dir='ltr'>Osismos‚</span> <span class='ocrx_word' id='word_1_301' title='bbox 1086 3636 1144 3695; x_wconf 84' lang='lat' dir='ltr'>Ou-</span> 
     </span>
     <span class='ocr_line' id='line_1_40' title="bbox 142 3720 1144 3798; baseline 0.004 -21"><span class='ocrx_word' id='word_1_302' title='bbox 142 3720 305 3794; x_wconf 90' lang='lat' dir='ltr'>riosolitas,</span> <span class='ocrx_word' id='word_1_303' title='bbox 328 3721 471 3796; x_wconf 84' lang='lat' dir='ltr'>Esuvios,</span> <span class='ocrx_word' id='word_1_304' title='bbox 494 3720 653 3794; x_wconf 85' lang='lat' dir='ltr'>Aulercos,</span> <span class='ocrx_word' id='word_1_305' title='bbox 677 3720 830 3797; x_wconf 87' lang='lat' dir='ltr'>Redones,</span> <span class='ocrx_word' id='word_1_306' title='bbox 860 3743 927 3798; x_wconf 87' lang='lat' dir='ltr'>quae</span> <span class='ocrx_word' id='word_1_307' title='bbox 956 3731 1026 3781; x_wconf 86' lang='lat' dir='ltr'>sunt</span> <span class='ocrx_word' id='word_1_308' title='bbox 1055 3723 1144 3782; x_wconf 89' lang='lat' dir='ltr'>mari-</span> 
     </span>
     <span class='ocr_line' id='line_1_41' title="bbox 142 3805 1145 3885; baseline 0.004 -22"><span class='ocrx_word' id='word_1_309' title='bbox 142 3805 223 3865; x_wconf 87' lang='lat' dir='ltr'>timae</span> <span class='ocrx_word' id='word_1_310' title='bbox 248 3807 388 3885; x_wconf 83' lang='lat' dir='ltr'>civitates</span> <span class='ocrx_word' id='word_1_311' title='bbox 411 3806 624 3882; x_wconf 87' lang='lat' dir='ltr'>Oceanumque</span> <span class='ocrx_word' id='word_1_312' title='bbox 647 3807 815 3884; x_wconf 87' lang='lat' dir='ltr'>attingunt,</span> <span class='ocrx_word' id='word_1_313' title='bbox 840 3809 950 3868; x_wconf 89' lang='lat' dir='ltr'>certior</span> <span class='ocrx_word' id='word_1_314' title='bbox 972 3807 1073 3868; x_wconf 79' lang='lat' dir='ltr'>iactus</span> <span class='ocrx_word' id='word_1_315' title='bbox 1096 3816 1145 3867; x_wconf 90' lang='lat' dir='ltr'>est</span> 
     </span>
    </p>
   </div>
   <div class='ocr_carea' id='block_1_5' title="bbox 143 3892 1145 4038">
    <p class='ocr_par' dir='ltr' id='par_1_7' title="bbox 143 3892 1145 4038">
     <span class='ocr_line' id='line_1_42' title="bbox 144 3892 1145 3973; baseline 0.004 -24"><span class='ocrx_word' id='word_1_316' title='bbox 144 3911 247 3950; x_wconf 91' lang='lat' dir='ltr'>omnes</span> <span class='ocrx_word' id='word_1_317' title='bbox 281 3911 333 3951; x_wconf 89' lang='lat' dir='ltr'>eas</span> <span class='ocrx_word' id='word_1_318' title='bbox 361 3892 501 3954; x_wconf 89' lang='lat' dir='ltr'>civitates</span> <span class='ocrx_word' id='word_1_319' title='bbox 533 3894 566 3951; x_wconf 92' lang='lat' dir='ltr'>in</span> <span class='ocrx_word' id='word_1_320' title='bbox 593 3892 742 3952; x_wconf 86' lang='lat' dir='ltr'>dicionem</span> <span class='ocrx_word' id='word_1_321' title='bbox 768 3901 1010 3971; x_wconf 89' lang='lat' dir='ltr'>potestatemque</span> <span class='ocrx_word' id='word_1_322' title='bbox 1038 3893 1145 3973; x_wconf 91' lang='lat' dir='ltr'>populi</span> 
     </span>
     <span class='ocr_line' id='line_1_43' title="bbox 143 3976 538 4038; baseline 0.003 -3"><span class='ocrx_word' id='word_1_323' title='bbox 143 3976 273 4036; x_wconf 87' lang='lat' dir='ltr'>Romani</span> <span class='ocrx_word' id='word_1_324' title='bbox 296 3997 364 4037; x_wconf 89' lang='lat' dir='ltr'>esse</span> <span class='ocrx_word' id='word_1_325' title='bbox 387 3979 538 4038; x_wconf 85' lang='lat' dir='ltr'>redactas.</span> 
     </span>
    </p>
   </div>
   <div class='ocr_carea' id='block_1_6' title="bbox 0 0 1341 4456">
    <p class='ocr_par' dir='ltr' id='par_1_8' title="bbox 0 0 1341 4456">
     <span class='ocr_line' id='line_1_44' title="bbox 0 0 1341 4456; baseline 0 0"><span class='ocrx_word' id='word_1_326' title='bbox 0 0 1341 4456; x_wconf 95' lang='lat' dir='ltr'> </span> 
     </span>
    </p>
   </div>
  </div>
 </body>
</html>
