2670 4456
186 237 228 295 94
492 228 545 281 nn
562 225 690 282 sumo
710 208 888 282 omnmo

185 425 287 500 iniquo
326 422 394 482 loco
436 421 593 495 dimicare,
628 429 708 496 tum,
749 421 891 497 quoniam
924 420 1082 480 obsidione
1115 421 1190 480 libe-

185 518 285 570 ratum
309 508 486 567 Ciceronem
508 507 634 582 sciebat,
664 526 752 582 aequo
781 507 879 566 animo
908 505 1123 566 remittendum
1150 506 1190 567 de

187 595 343 656 celeritate
366 593 568 652 existimabat.
604 591 750 655 Consedit
767 600 806 667 et,
826 613 916 668 quam
935 592 1109 668 aequissimo
1121 593 1190 652 loco

186 688 297 760 potest,
322 685 424 739 castra
447 677 619 737 communit.
665 678 767 753 Atque
790 677 856 736 haec
879 678 937 736 etsi
964 685 1052 737 erant
1080 677 1191 754 exigua

186 787 241 845 per
264 784 307 841 se,
330 765 382 825 vix
404 764 558 823 hominum
579 763 693 821 milium
715 763 790 837 VH,
814 763 984 841 praesertim
1006 763 1098 822 nullis
1121 783 1192 822 cum
1239 803 1243 811 -

186 850 419 930 impedimentis,
443 856 546 908 tamen
568 849 718 926 angustiis
736 849 862 924 viarum,
882 869 972 924 quam
990 849 1119 908 maxime
1135 869 1190 927 po·

186 944 257 1012 test,
282 935 434 995 contrahit
456 955 491 994 eo
515 935 656 1018 consilio,
673 941 709 992 ut
728 935 762 992 in
773 953 923 993 summam
935 935 1192 1012 contemptionem

186 1023 326 1082 hostibus
348 1022 460 1082 veniat.
495 1020 623 1079 Interim
645 1019 888 1098 speculatoribus
910 1020 942 1078 in
965 1039 1069 1079 omnes
1085 1027 1191 1097 partes

188 1109 324 1167 dimissis
337 1107 485 1184 explorat,
509 1125 568 1180 quo
586 1105 830 1164 commodissime
851 1105 959 1164 itinere
971 1105 1067 1164 valles
1089 1113 1190 1164 trans-

187 1195 223 1253 iri
268 1194 353 1252 ossit.
500 1244 504 1251 .

245 1216 309 1337 pL.
354 1278 400 1335 Eo
424 1275 472 1334 die
494 1275 632 1352 parvulis
655 1275 848 1350 equestribus
870 1275 986 1353 proeliis
1018 1275 1058 1333 ad
1079 1294 1190 1350 aquam

186 1364 277 1423 iactis
303 1362 424 1437 utrique
447 1380 516 1421 sese
539 1380 594 1419 suo
616 1361 682 1420 loco
706 1361 872 1436 continent,
897 1360 989 1435 Calli,
1022 1360 1105 1435 quod
1127 1380 1190 1419 am-

188 1449 301 1527 pliores
325 1448 444 1524 copias,
475 1466 543 1522 quae
565 1446 699 1505 nondum
728 1453 950 1520 convenerant,
975 1445 1188 1522 expectabant,

189 1533 301 1607 Caesar,
326 1533 352 1591 si
369 1532 449 1591 forte
468 1531 584 1591 timoris
602 1531 793 1592 simulatione
809 1532 914 1591 hostes
931 1531 963 1590 in
981 1549 1071 1589 suum
1088 1531 1191 1589 locum

79 1686 82 1691 .
188 1619 297 1678 elicere
319 1625 435 1696 posset,
458 1624 493 1676 ut
522 1618 599 1676 citra
625 1617 737 1678 vallem
765 1637 820 1695 pro
850 1616 960 1676 castris
988 1615 1096 1694 proelio
1119 1635 1191 1674 con·

187 1704 341 1778 tenderet3
366 1704 393 1763 si
414 1703 447 1761 id
469 1701 591 1762 efficere
613 1722 674 1761 non
696 1710 816 1780 posset,
845 1708 880 1761 ut
908 1700 1072 1779 exploratis
1101 1701 1189 1760 itine-

186 1791 271 1850 ribus
298 1790 414 1848 minore
445 1807 514 1848 cum
540 1788 675 1866 periculo
705 1788 817 1848 vallem
843 1787 1003 1863 rivumque
1031 1786 1187 1846 transiret.

186 1876 288 1934 Prima
310 1875 378 1932 luce
400 1874 533 1932 hostium
555 1873 708 1948 equitatus
731 1873 884 1933 adcastra
901 1872 1020 1932 accedit
1035 1872 1190 1950 proelium·

188 1980 246 2036 que
270 1979 338 2018 cum
366 1959 480 2018 nostris
509 1959 662 2034 equitibus
691 1959 858 2017 committit.
916 1957 1021 2017 Caesar
1051 1957 1190 2016 consulto

188 2045 305 2121 equites
329 2044 438 2103 cedere
461 2063 554 2119 seque
576 2044 608 2102 in
630 2050 732 2102 castra
754 2044 890 2122 recipere
908 2043 1012 2119 jubet;
1038 2042 1129 2102 simul
1152 2061 1191 2101 ex

188 2131 326 2189 omnibus
349 2130 489 2208 partibus
512 2137 614 2188 castra
641 2128 748 2188 altiore
776 2129 857 2189 vallo
887 2129 997 2187 muniri
1025 2134 1191 2206 portasque

188 2215 305 2276 obstrui
327 2221 419 2291 atque
440 2215 473 2273 in
495 2214 532 2273 iis
555 2214 803 2274 administrandis
825 2215 916 2273 rebus
943 2234 1033 2289 quam
1059 2213 1190 2272 maxime

186 2301 360 2361 concursari
384 2308 414 2360 et
437 2320 506 2359 cum
528 2299 719 2359 simulatione
742 2300 791 2376 agi
813 2299 930 2359 timoris
948 2299 1047 2376 jubet.

270 2387 325 2446 LI.
372 2385 489 2457 Quibus
513 2386 652 2445 omnibus
681 2385 773 2445 rebus
801 2385 906 2443 hostes
933 2385 1055 2444 invitati
1085 2384 1189 2461 copias

185 2473 349 2532 traducunt
373 2472 528 2547 aciemque
545 2471 648 2547 iniquo
666 2470 734 2529 loco
758 2470 962 2544 constituunt3
986 2470 1101 2529 nostris
1113 2489 1188 2529 vero

186 2559 277 2617 etiam
300 2557 337 2616 de
365 2557 445 2615 vallo
475 2556 614 2616 deductis
643 2555 769 2633 propius
792 2555 942 2614 accedunt
964 2563 995 2615 et
1022 2556 1084 2615 tela
1106 2554 1188 2614 intra

184 2643 379 2701 munitionem
401 2662 438 2700 ex
461 2642 599 2700 omnibus
629 2641 768 2718 partibus
793 2640 958 2716 conjiciunt
979 2640 1189 2718 praeconibus·

130 2797 133 2803 ¹
186 2747 244 2803 que
273 2727 489 2786 circummissis
521 2726 710 2805 pronuntiari
736 2725 856 2802 jubent,
886 2745 941 2785 seu
970 2727 1039 2802 quis
1069 2724 1187 2801 Gallus,

186 2833 240 2872 seu
262 2813 418 2870 Romanus
441 2812 517 2871 velit
544 2818 614 2869 ante
636 2810 741 2869 horam
768 2811 889 2871 tertiam
918 2811 957 2870 ad
985 2831 1019 2870 se
1046 2811 1188 2886 transire,

186 2899 252 2958 sine
273 2897 409 2975 periculo
431 2897 537 2971 licere3
568 2901 640 2974 post
660 2894 693 2962 id
720 2904 841 2975 tempus
868 2917 929 2956 non
959 2895 1027 2956 fore
1053 2902 1188 2975 potesta-

184 2992 260 3057 tem;
286 3002 321 3041 ac
345 2983 389 3041 sic
410 2989 532 3041 nostros
545 2989 809 3059 comtempserunt,
832 2991 867 3041 ut
884 2982 1049 3042 obstructis
1066 2982 1099 3040 in
1118 3000 1188 3060 spe·

186 3070 263 3129 ciem
295 3067 392 3146 portis
426 3067 553 3144 singulis
582 3067 739 3127 ordinibus
763 3068 921 3144 cespitum,
951 3067 1033 3143 quod
1062 3086 1099 3127 ea
1126 3087 1188 3126 non

184 3173 276 3232 posse
293 3153 516 3231 introrumpere
532 3153 725 3228 videbantur,
746 3153 797 3213 alii
808 3153 922 3213 vallum
932 3172 1025 3211 manu
1037 3152 1188 3226 scindere,

186 3240 236 3298 alii
264 3237 366 3297 fossas
402 3239 552 3317 complere
585 3238 762 3316 inciperent.
814 3238 892 3297 Tum
921 3237 1027 3298 Caesar
1049 3238 1189 3297 omnibus

184 3325 281 3402 portis
304 3323 461 3401 eruptione
489 3323 574 3383 facta
601 3325 800 3400 equitatuque
830 3323 941 3382 emisso
972 3323 1112 3383 celeriter
1134 3323 1188 3381 ho·

184 3416 248 3468 stes
270 3409 302 3467 in
323 3407 430 3485 fugam
453 3409 514 3484 dat,
539 3409 583 3469 sio
613 3410 659 3468 uti
690 3409 811 3468 omnino
828 3408 985 3485 pugnandi
1017 3427 1111 3468 causa
1137 3427 1186 3467 re-

186 3495 309 3554 sisteret
340 3514 443 3569 nemo,
476 3514 679 3573 magnumque
707 3514 745 3553 ex
767 3494 805 3552 iis
827 3514 986 3553 numerum
1009 3493 1121 3554 occidit
1144 3500 1189 3553 at-

146 3620 148 3624 ·
186 3601 244 3656 que
267 3599 370 3639 omncs
394 3580 487 3640 armis
510 3581 602 3639 oxuit.

269 3665 343 3725 LII.
387 3665 523 3742 Longius
544 3664 691 3743 prosequi
718 3663 852 3739 veritus,
876 3663 958 3740 quod
987 3665 1073 3725 silvae
1101 3663 1189 3742 palu·

185 3751 300 3827 desque
321 3751 567 3824 intercedebant,
596 3769 694 3825 neque
724 3749 816 3808 etiam
848 3749 976 3827 parvulo
1006 3749 1188 3809 detrimento

185 3837 305 3896 illorum
327 3836 428 3895 locum
457 3835 586 3910 relinqui
607 3834 747 3909 videbat,
777 3835 916 3894 omnibus
945 3834 1009 3894 suis
1031 3833 1189 3894 incolumi·

184 3923 244 3980 bus
278 3920 374 3998 copiis
409 3919 516 3979 eodem
544 3919 593 3978 die
622 3918 660 3978 ad
684 3917 863 3979 Ciceronem
890 3921 1041 3998 pervenit.
1092 3919 1189 3979 Insti-
