2670 4456
583 253 703 307 LIBER
726 254 758 307 V.
1133 263 1174 323 97

166 449 244 526 gari,
268 448 365 508 altera
388 447 518 507 Nervios
547 447 788 523 Aduatucosque
816 449 929 508 bellum
952 448 1098 508 Romanis
1121 470 1174 527 pa·

168 554 245 609 rare,
269 552 367 609 neque
390 534 449 593 sibi
471 533 714 594 voluntariorum
745 535 848 611 copias
872 533 993 608 defore,
1024 535 1050 592 si
1079 555 1116 593 ex
1139 533 1173 593 fi-

166 619 257 679 nibus
281 620 345 678 suis
368 618 512 697 progredi
535 619 689 695 coepisset,
714 627 862 678 armatum
886 619 1044 678 concilium
1067 619 1175 679 indicit

168 704 236 775 (hcc
259 725 342 764 more
366 705 524 765 Gallorum
558 711 606 763 est
639 705 756 763 initium
777 705 877 778 belli),
909 725 967 780 quo
996 705 1064 782 lege
1095 726 1173 765 oom-

170 791 252 849 muni
275 810 378 850 omnes
408 792 539 867 puberes
571 791 678 848 armati
708 791 869 849 convenire
899 799 1098 866 consuerunt5
1124 792 1174 867 qui

169 895 205 934 ex
233 876 271 935 iis
299 877 486 937 novissimus
511 875 667 949 convenit,
703 875 732 933 in
769 883 935 952 conspectu
971 877 1174 936 multitudinis

169 961 308 1021 omnibus
345 962 533 1021 cruciatibus
564 960 693 1019 affectus
728 969 863 1020 necatur.
914 961 951 1019 In
982 981 1016 1018 eo
1047 962 1174 1020 concilio

169 1045 403 1124 Cingetorigem,
422 1047 547 1106 alterius
567 1047 736 1124 principem
754 1046 905 1120 factionis,
923 1065 1069 1121 generum
1087 1065 1173 1106 suum

168 1129 272 1207 (quem
295 1153 387 1210 supra
410 1132 685 1191 demonstravimus
704 1131 835 1191 Caesaris
860 1139 996 1190 secutum
1020 1130 1111 1189 fidem
1135 1133 1172 1191 ab

169 1237 204 1275 eo
227 1237 287 1276 non
311 1218 514 1291 discessisse),
549 1219 669 1276 hostem
699 1217 820 1293 judicat
848 1218 987 1292 bonaque
1022 1216 1089 1292 ejus
1118 1237 1173 1294 pu-

167 1303 270 1362 blicat.
306 1304 363 1363 His
387 1305 478 1362 rebus
503 1302 651 1362 confectis
674 1303 705 1360 in
729 1303 854 1362 concilio
878 1303 1055 1380 pronuntiat
1073 1322 1173 1361 arces·

169 1388 261 1446 situm
279 1408 312 1448 se
331 1410 349 1448 a
368 1389 539 1448 Senonibus
557 1396 587 1446 et
606 1387 791 1447 Carnutibus
815 1388 942 1463 aliisque
967 1388 1173 1464 compluribus

171 1472 279 1533 Galliae
303 1475 489 1548 civitatibus,
515 1475 574 1532 huc
593 1474 705 1531 iturum
724 1495 780 1550 per
791 1472 866 1531 fines
879 1475 1044 1531 Remorum
1057 1493 1173 1532 eorum-

169 1579 228 1634 que
252 1579 341 1636 agros
364 1561 579 1637 populaturum
603 1579 653 1627 ac,
683 1560 859 1636 priusquam
888 1559 920 1617 id
943 1558 1045 1632 faciat,
1071 1567 1173 1617 castra

168 1645 297 1703 Labieni
320 1652 580 1723 oppugnaturum
606 1663 674 1718 quae
697 1643 762 1702 fieri
785 1644 869 1717 velit,
893 1644 1041 1721 praecipit.

254 1731 355 1789 LVII.
391 1731 546 1789 Labienus
570 1749 662 1803 quum
685 1738 715 1787 et
737 1729 796 1786 loci
819 1736 928 1786 natura
952 1735 982 1785 et
1004 1748 1095 1785 manu
1107 1748 1171 1786 mu-

167 1814 326 1874 nitissimis
349 1816 459 1874 castris
483 1835 551 1873 sese
574 1822 700 1888 teneret,
725 1813 762 1872 de
786 1833 840 1871 suo
870 1833 904 1871 ac
934 1813 1063 1888 legionis
1093 1814 1171 1890 peri·

168 1901 236 1958 culo
259 1901 334 1959 nihil
355 1901 496 1971 timebat;
532 1920 570 1958 ne
601 1920 691 1974 quam
722 1899 912 1957 occasionem
941 1898 986 1956 rei
1014 1899 1092 1957 bene
1121 1919 1172 1975 ge-

167 1984 270 2045 rendae
295 1985 474 2059 dimitteret,
505 1986 668 2062 cogitabat.
715 1984 825 2059 Itaque
854 2005 871 2042 a
902 1983 1097 2060 Cingetorige
1128 1992 1173 2042 at-

165 2090 225 2144 qua
249 2071 316 2147 ejus
338 2072 517 2150 propinquis
541 2071 677 2129 oratione
700 2069 902 2128 Indutiomari
926 2070 1057 2146 cognita,
1082 2090 1172 2145 quam

165 2155 197 2213 in
220 2157 347 2214 concilio
369 2158 527 2231 habuerat,
552 2157 674 2214 nuntios
697 2156 791 2214 mittit
814 2155 852 2213 ad
869 2154 1013 2213 finitimas
1031 2155 1172 2213 civitates

166 2241 346 2317 equitesque
369 2242 502 2316 undique
521 2250 644 2313 evocat,
668 2242 716 2299 his
735 2247 851 2298 certum
871 2240 950 2297 diem
971 2239 1172 2297 conveniendi

163 2326 281 2385 indicit.
305 2328 433 2387 Interim
455 2349 550 2405 prope
575 2326 708 2402 quotidie
732 2345 800 2382 curn
824 2325 903 2382 omni
924 2325 1061 2398 equitatu
1079 2323 1172 2381 Indu·

165 2411 312 2471 tiomarus
335 2415 392 2473 sub
417 2414 526 2472 castris
550 2413 617 2488 ejus
640 2412 822 2487 vagabatur,
853 2409 928 2466 alias
951 2416 985 2465 ut
1009 2409 1100 2465 situm
1124 2428 1172 2466 ca-

166 2502 307 2556 strorum'
336 2506 549 2575 cognosceret,
591 2497 667 2556 alias
702 2494 894 2569 colloquendi
929 2500 981 2551 ant
1014 2493 1174 2551 territandi

164 2602 270 2656 causa;
295 2585 413 2659 equites
435 2584 613 2661 plerumque
637 2601 741 2642 omnes
764 2579 826 2638 tela
848 2580 927 2636 intra
956 2577 1069 2638 vallum
1099 2599 1170 2637 con-

159 2667 316 2743 jiciebant.
362 2670 518 2728 Labienus
552 2687 624 2727 suos
655 2668 735 2724 intra
763 2665 959 2723 munitionem
997 2664 1173 2723 continebat

163 2753 341 2829 timorisque
386 2755 572 2832 opinionem,
618 2753 850 2828 quibuscunque
902 2757 1023 2827 poterat
1067 2751 1169 2825 rebus,

163 2839 305 2915 augebat.

249 2924 369 2984 LVIII.
417 2924 517 2996 Quum
540 2925 655 3001 majore
683 2924 714 2981 in
738 2923 804 2980 dies
828 2921 1052 2996 contemptione
1075 2919 1168 2976 Indu-

162 3007 309 3068 tiomarus
328 3011 367 3069 ad
385 3019 487 3069 castra
504 3010 674 3081 accederet,
694 3015 784 3066 nocte
804 3027 864 3064 una
883 3005 1067 3063 intromissis
1085 3005 1168 3079 equi-

162 3093 245 3152 tibus
275 3097 406 3154 omnium
433 3095 628 3153 finitimarum
651 3094 823 3166 civitatum,
860 3110 935 3165 quos
968 3087 1169 3148 arcessendos

163 3188 333 3256 curaverat,
368 3187 453 3239 tanta
482 3180 638 3256 diligentia
670 3197 774 3236 omnes
806 3195 877 3234 suos
913 3174 1061 3233 custodiis
1089 3174 1170 3232 intra

162 3273 264 3322 castra
287 3266 444 3340 continuit,
478 3272 513 3323 ut
539 3264 623 3323 nulla
652 3263 768 3322 ratione
799 3282 834 3319 ca
856 3279 906 3319 res
936 3260 1086 3318 enuntiari
1117 3266 1169 3318 aut

163 3347 202 3406 ad
229 3349 372 3411 Treviros
399 3351 529 3428 perferri
557 3356 672 3426 posset.
725 3347 853 3406 Interim
883 3365 920 3403 ex
949 3344 1169 3405 consvetudine

163 3435 340 3508 quotidiana
351 3437 578 3495 indutiomarus
602 3434 641 3492 ad
659 3440 761 3492 castra
779 3431 898 3490 accedit
916 3437 1006 3506 atque
1024 3431 1065 3489 ibi
1083 3450 1166 3506 mag-

161 3538 231 3577 nam
264 3530 382 3597 partem
416 3521 475 3580 diei
499 3520 662 3591 consumit;
699 3518 816 3593 equites
851 3517 914 3574 tela
950 3515 1115 3591 conjiciunt
1138 3520 1169 3571 et

161 3623 272 3680 magna
303 3626 371 3664 curn
406 3606 588 3665 contumelia
615 3605 779 3663 verborum
811 3609 933 3660 nostros
968 3600 1005 3659 ad
1034 3618 1168 3677 pugnam

162 3696 299 3748 evocant.
334 3691 425 3750 Nullo
449 3691 487 3749 ab
509 3690 623 3749 nostris
641 3689 712 3747 dato
731 3706 888 3764 response,
913 3686 965 3743 ubi
987 3685 1086 3743 visum
1109 3690 1166 3757 est,

161 3775 217 3832 sub
246 3794 409 3853 vesperum
438 3776 569 3852 dispersi
599 3795 634 3833 ac
664 3773 806 3849 dissipati
835 3769 1005 3828 discedunt.
1058 3767 1167 3826 Subito

160 3857 316 3919 Labienus
340 3861 458 3920 duabus
480 3861 577 3938 portis
601 3879 719 3917 ornnem
743 3857 910 3932 equitatum
934 3853 1057 3925 amittit;
1087 3872 1165 3929 prae·

161 3943 235 4021 cipit
252 3953 343 4021 atque
360 3945 525 4015 interdicit,
548 3944 720 4021 proterritis
743 3942 882 4000 hostibus
907 3945 998 4012 atque
1017 3936 1165 4014 infugam
