2654 4410
147 147 167 204 2
470 126 524 191 DE
542 133 670 189 BELLO
690 133 860 190 GALLIOO

146 340 213 392 tera
246 352 284 392 ex
311 338 399 410 purte
426 337 528 390 monte
555 330 632 390 Jura
660 328 824 403 altissim,
859 328 910 404 qui
944 338 992 389 est
1019 330 1098 388 inter
1128 329 1181 389 Se-

146 436 263 494 quanos
277 420 282 429 '
297 424 328 476 et
362 416 540 489 Helvetios,
579 415 670 473 tertia
702 415 772 473 lacu
805 415 960 474 Lemanno
995 422 1026 473 et
1058 413 1181 474 flumine

145 502 311 577 Rhodano,
346 501 399 578 qui
428 500 616 579 provinciam
643 507 778 559 nostram
807 501 845 560 ab
874 499 1026 559 Helvetiis
1061 500 1178 560 dividit.

146 589 204 647 His
226 589 319 647 rebus
347 586 455 662 fiebat,
489 593 524 644 ut
552 593 583 645 et
609 585 709 645 minus
737 586 799 644 late
821 592 1006 662 vagarentur
1029 593 1059 645 et
1080 586 1179 644 minus

146 673 236 733 iacile
274 672 410 732 finitimis
450 671 563 731 bellum
597 669 709 730 inferre
742 678 884 749 possent,
930 690 990 747 qua
1023 691 1060 731 ex
1092 679 1181 749 parte

145 760 282 818 homines
326 757 460 818 bellandi
505 756 606 835 cupidi
655 776 764 832 magno
810 756 914 816 dolore
958 755 1179 816 afficiebantur.

145 844 206 903 Pro
244 843 436 903 multitudine
476 849 577 902 autem
615 841 768 901 hominum
810 849 841 902 et
873 862 927 922 pro
967 842 1065 919 gloria
1107 842 1180 901 belli

146 938 238 1005 atque
266 928 453 988 fortitudinis
482 934 629 1005 angustos
653 946 686 986 se
707 925 784 985 fines
806 927 920 987 habere
943 927 1179 1003 arbitrabantur,

147 1015 198 1091 qui
219 1016 251 1074 in
272 1012 492 1092 longitudinem
513 1013 597 1072 milia
619 1031 765 1090 passuum
789 1011 908 1088 OOXL,
937 1012 968 1071 in
989 1014 1181 1073 latitudinem

29 1140 32 1145 «
147 1100 298 1159 OLXXX
321 1099 477 1177 patebant.

232 1186 295 1244 HI.
345 1184 404 1243 His
433 1184 526 1243 rebus
557 1182 684 1242 adducti
711 1191 742 1242 et
776 1184 957 1243 auctoritate
988 1183 1179 1261 Orgetorigis

145 1270 276 1348 permoti
310 1269 532 1329 constituerunt
565 1289 616 1343 ea,
651 1288 718 1345 quae
753 1268 792 1327 ad
824 1267 1078 1346 proficiscendum
1110 1290 1178 1348 per·

146 1356 293 1431 timerent,
339 1374 529 1433 comparare,
571 1353 778 1432 jumentorum
816 1361 847 1412 et
892 1374 1045 1414 carrorum
1089 1374 1179 1430 quam

144 1441 307 1500 maximum
340 1460 498 1500 numerum
531 1460 683 1515 coemere,
723 1447 876 1500 sementes
910 1460 1000 1516 quam
1032 1441 1179 1500 maximas

145 1524 263 1602 facere,
304 1533 339 1585 ut
371 1526 403 1584 in
435 1526 544 1585 itinere
577 1527 665 1604 copia
697 1524 840 1585 frumenti
874 1535 1065 1604 suppeteret,
1112 1548 1180 1586 cum

144 1612 290 1690 proximis
319 1611 492 1672 civitatibus
520 1632 627 1690 pacem
651 1618 681 1670 et
704 1610 866 1669 amicitiam
889 1611 1076 1672 confirmare.
1129 1613 1180 1670 Ad

146 1716 198 1757 eas
228 1716 279 1756 res
309 1695 513 1755 conficiendas
543 1696 696 1754 biennium
727 1695 786 1753 sibi
816 1695 892 1753 satis
921 1715 990 1756 esse
1019 1696 1178 1771 duxerunt,

144 1782 176 1840 in
214 1782 336 1840 tertium
370 1800 481 1839 annum
518 1779 736 1858 profectionem
768 1780 836 1856 lege
876 1779 1061 1840 confirmant.
1120 1778 1179 1853 [Ad

146 1886 198 1927 eas
227 1886 277 1925 res
306 1863 520 1938 conficiendas]
552 1865 715 1942 Orgetorix
745 1862 913 1940 [deligitur;
942 1865 968 1924 is
997 1863 1065 1938 sibi]
1096 1866 1179 1943 lega-

145 1953 257 2011 tionem
292 1951 331 2010 ad
365 1951 504 2010 civitates
538 1950 683 2028 suscepit.
740 1950 779 2008 In
813 1970 848 2009 eo
876 1950 985 2010 itinere
1014 1951 1181 2031 persuadet

146 2037 283 2112 Oastico,
330 2035 607 2096 Catamantaloedis
640 2034 718 2111 filio,
759 2034 916 2112 Sequano,
963 2037 1051 2114 cujus
1092 2044 1180 2115 pater

143 2143 272 2200 regnum
305 2122 336 2180 in
365 2121 513 2198 Sequanis
546 2122 658 2181 multos
692 2141 787 2180 annos
817 2122 990 2182 obtinuerat
1019 2131 1049 2182 et
1080 2144 1097 2182 a
1132 2143 1179 2181 se·

144 2216 218 2269 natu
246 2208 352 2286 populi
379 2207 508 2267 Romani
537 2208 652 2268 amicus
681 2207 853 2287 appellatus
882 2216 964 2284 erat,
992 2216 1027 2268 ut
1053 2229 1180 2286 regnum

144 2295 176 2353 in
210 2294 333 2354 civitate
367 2313 424 2353 sua
457 2302 635 2373 occuparet,
678 2293 759 2371 quod
791 2300 880 2372 pater
914 2302 983 2354 ante
1015 2296 1177 2369 habuerat;

143 2379 278 2455 itemque
319 2378 500 2455 Dumnorigi
533 2379 653 2439 Haeduo
694 2377 792 2452 [fratri
829 2379 1002 2456 Divitiacil,
1048 2382 1099 2457 qui
1144 2401 1181 2439 eo

94 2491 97 2496 ·
143 2471 281 2541 tempore
319 2462 522 2540 principatum
556 2464 587 2522 in
621 2463 745 2523 civitate
778 2464 936 2523 obtinebat
975 2486 1011 2524 ac
1049 2465 1179 2524 maxime

144 2549 227 2627 plebi
250 2554 395 2626 acceptus
426 2554 501 2622 erat,
529 2554 564 2605 ut
592 2546 673 2606 idem
702 2554 871 2622 conaretur,
903 2550 1070 2626 persuadet
1092 2549 1180 2624 eique

143 2633 237 2693 filiam
267 2653 354 2712 suam
381 2633 413 2691 in
445 2632 668 2691 matrimonium
695 2632 757 2692 dat.
813 2631 964 2693 Perfacile
997 2634 1080 2694 factu
1111 2653 1179 2692 esse

143 2718 206 2779 illis
239 2718 350 2796 probat
378 2725 487 2777 conata
514 2717 678 2796 perficere,
712 2723 875 2796 propterea
909 2718 990 2794 quod
1017 2721 1084 2797 ipse
1114 2738 1178 2779 suae

146 2804 279 2864 civitatis
309 2803 468 2881 imperium
502 2803 681 2862 obtenturus
715 2810 813 2877 esset;
848 2823 909 2863 non
943 2823 1011 2864 esse
1044 2804 1177 2879 dubium,

145 2890 218 2966 quin
251 2888 344 2949 totius
374 2888 482 2948 Galliae
516 2889 678 2966 plurimum
705 2888 841 2949 Helvetii
873 2898 1015 2967 possent3
1051 2910 1085 2951 se
1114 2890 1178 2948 suis

145 2975 242 3053 copiis
276 2994 392 3051 suoque
425 2974 561 3033 exercitu
593 2973 654 3033 illis
687 2993 783 3051 regna
813 2974 1041 3035 conciliaturum
1071 2975 1178 3036 confir-

144 3068 216 3121 mat.
272 3059 340 3119 Hae
368 3059 504 3119 oratione
534 3058 659 3118 adducti
685 3060 766 3119 inter
793 3078 827 3119 se
854 3058 946 3120 fidem
974 3068 1004 3121 et
1022 3061 1178 3139 jusjuran-

146 3145 218 3205 dum
240 3145 328 3220 dant,
363 3151 394 3204 et
421 3164 515 3222 regno
545 3152 692 3222 occupato
720 3165 776 3223 per
803 3152 868 3206 tres
890 3148 1118 3224 potentissimos
1142 3167 1178 3206 ac

144 3230 335 3290 firmissimos
378 3231 507 3309 populos
550 3230 644 3289 totius
685 3230 792 3290 Galliae
838 3251 907 3291 sese
951 3233 1042 3311 potiri
1086 3252 1178 3311 posse

146 3324 281 3395 sperant.

230 3402 287 3461 IV.
332 3401 380 3461 Ea
411 3419 462 3459 res
492 3408 539 3460 est
565 3401 719 3461 Helvetiis
747 3421 802 3480 per
829 3402 974 3463 indicium
1008 3404 1176 3476 enuntiata;

143 3486 279 3547 moribus
319 3487 383 3547 suis
417 3485 629 3564 Orgetorigem
668 3506 705 3547 ex
743 3488 874 3548 vinculis
915 3510 1038 3550 causam
1077 3490 1178 3549 dicere

145 3579 324 3650 coegerunt3
361 3571 535 3632 damnatum
567 3592 688 3651 poenam
721 3573 807 3649 sequi
838 3577 1014 3652 oportebat,
1048 3583 1083 3634 ut
1115 3576 1178 3651 igni

146 3664 340 3718 cremaretur.
396 3657 455 3716 Die
493 3657 660 3718 constituta
698 3676 799 3718 causae
840 3659 980 3721 dictionis
1016 3660 1178 3738 Orgetorix

110 3812 113 3817 ι
145 3743 185 3802 ad
208 3742 358 3820 judicium
386 3762 504 3803 omnem
533 3762 620 3802 suam
647 3741 806 3817 familiam,
841 3745 881 3805 ad
913 3746 1067 3806 hominum
1095 3746 1178 3804 milia

145 3828 268 3904 decem,
302 3829 436 3905 undique
471 3828 570 3906 coegit
604 3836 634 3888 et
668 3849 772 3889 omnes
806 3831 932 3892 clientes
966 3835 1178 3908 obaeratosque
