2670 4456
75 4000 185 4120 fl.

192 262 253 320 136
507 252 559 305 DE
577 248 704 305 BELLO
724 248 902 306 GALLIGO.

188 448 430 527 Eporedorigem
453 446 729 519 etViridomarum,
754 465 830 519 quos
858 445 902 503 illi
928 443 1108 503 interfectos
1131 445 1196 503 exi-

192 535 366 608 stimabant,
389 533 468 590 inter
491 533 609 607 equites
632 531 749 592 versari
772 549 904 605 suosque
922 531 1078 608 appellare
1091 529 1193 606 jubet.

191 621 249 679 His
273 618 403 695 cognitis
426 626 457 676 et
479 617 612 677 Litavici
633 616 742 675 fraude
765 623 929 694 perspecta
950 615 1063 674 Haedui
1083 636 1196 674 manus

192 705 318 764 tendere
342 701 536 776 [deditionem
559 699 742 779 significare]
773 709 803 760 et
830 700 978 778 projectis
1000 701 1091 760 armis
1115 722 1196 761 mor·

192 799 255 850 tem
277 789 435 867 deprecari
457 789 614 865 incipiunt.
658 787 817 847 Litavious
841 807 910 845 cum
933 787 997 846 suis
1021 787 1196 863 clientibus,

194 875 304 952 quibus
326 895 409 933 more
433 874 588 933 Gallorum
610 872 699 933 nefas
722 880 771 931 est
793 873 883 931 etiam
904 873 936 930 in
965 879 1101 932 extrema
1132 872 1196 932 for-

192 970 267 1020 tuna
290 960 432 1019 deserere
454 966 610 1038 patronos,
635 958 820 1034 Gergoviam
841 957 987 1035 profugit.

279 1046 366 1104 XLI.
413 1045 517 1104 Caesar
539 1045 653 1103 nuntiis
676 1043 715 1102 ad
738 1044 893 1103 civitatem
911 1043 1099 1102 Haeduorum
1122 1043 1195 1102 mis-

194 1133 247 1207 sia,
283 1131 333 1207 qui
363 1151 417 1190 suo
445 1129 592 1189 beneficio
622 1136 820 1189 conservatos
849 1128 1004 1203 docerent,
1028 1147 1104 1203 quos
1124 1129 1197 1205 jure

193 1217 266 1276 belli
287 1215 458 1275 interficere
480 1216 640 1293 potuisset,
664 1215 823 1290 tribusque
842 1214 924 1273 horis
944 1211 1062 1287 [noetis]
1080 1216 1197 1273 exerci-

193 1303 238 1361 tui
261 1302 300 1361 ad
323 1302 455 1376 quietem
479 1301 558 1359 datis
582 1307 683 1360 eastra
706 1300 744 1359 ad
769 1300 953 1375 Gergoviam
981 1299 1083 1359 movit.
1129 1299 1197 1359 Me-

195 1388 244 1447 dio
268 1387 333 1446 fere
355 1387 464 1446 itinere
488 1387 605 1461 equites
640 1385 775 1445 aFabio
804 1386 904 1460 missi,
939 1393 1052 1460 quanto
1085 1404 1136 1444 res
1165 1386 1197 1445 in

196 1472 329 1551 periculo
352 1470 456 1546 fuerit,
481 1479 649 1549 exponunt;
675 1471 800 1530 summis
825 1471 920 1548 copiis
948 1477 1051 1530 castra
1079 1491 1196 1549 oppug-

194 1565 268 1617 nata
290 1556 507 1632 demonstrant‚
537 1578 629 1632 quum
657 1558 763 1616 crebro
790 1557 901 1634 integri
929 1555 1061 1615 defessis
1091 1575 1197 1615 succe-

196 1643 303 1702 derent
329 1649 510 1718 nostrosque
539 1643 661 1702 assiduo
689 1643 793 1700 labore
829 1642 1047 1718 defatigarent,
1084 1642 1197 1718 quibus

195 1735 319 1808 propter
341 1728 579 1806 magnitudinem
602 1735 771 1787 castrorum
798 1721 946 1805 perpetuo
976 1734 1059 1786 esset
1085 1727 1198 1787 iisdem

196 1815 228 1874 in
261 1815 342 1874 vallo
376 1813 627 1892 permanendum;
663 1812 869 1872 multitudine.
889 1813 1070 1889 sagittarum
1104 1820 1197 1889 atque

196 1900 293 1958 omnis
314 1900 436 1976 generis
458 1899 588 1958 telorum
611 1900 723 1958 multos
746 1899 937 1972 vulneratam
968 1898 1006 1957 ad
1034 1899 1100 1957 haec
1129 1918 1197 1957 sus-

196 1983 321 2043 tinenda
343 2005 452 2061 magno
482 1985 551 2043 usui
578 1984 674 2044 fuisse
702 1992 867 2057 tormenta3
897 1984 1027 2043 Fabium
1056 1983 1198 2043 discessu

196 2090 300 2128 eorum
323 2069 441 2128 duabus
464 2069 579 2129 relictis
602 2071 698 2147 portis
726 2071 886 2151 obstruere
915 2077 1032 2128 ceteras
1060 2071 1198 2148 pluteos-

197 2175 256 2231 que
290 2155 370 2215 vallo
405 2155 518 2214 addere
552 2164 583 2215 et
617 2176 649 2214 se
672 2157 703 2215 in
725 2162 882 2233 posterum
905 2154 985 2214 diem
1008 2156 1199 2231 similemque

196 2260 300 2301 casum
324 2261 481 2319 apparare.
526 2242 586 2300 His
607 2242 700 2300 rebus
724 2241 853 2318 cognitis
867 2240 971 2300 Caesar
993 2260 1110 2300 summo
1134 2249 1199 2300 stu-

196 2327 245 2386 dio
268 2327 397 2385 militum
421 2335 491 2385 ante
515 2336 614 2386 ortum
637 2328 710 2386 solis
733 2326 765 2384 in
788 2334 890 2408 castra
911 2327 1059 2403 pervenit.

281 2412 387 2470 XLII.
432 2413 514 2470 Dum
536 2413 601 2471 haec
625 2413 664 2471 ad
687 2411 871 2489 Gergoviam
893 2420 1056 2488 geruntur,
1085 2412 1199 2471 Haedui

196 2498 303 2575 primis
325 2498 439 2556 nuntiis
463 2499 500 2556 ab
520 2499 661 2559 Litavieo
685 2498 820 2575 acceptis
842 2497 959 2556 nullum
983 2498 1041 2556 sibi
1063 2497 1104 2556 ad
1127 2517 1200 2574 cog·

196 2581 383 2641 noscendum
406 2583 539 2661 spatium
560 2584 743 2658 relinquunt.
789 2582 925 2660 Impellit
954 2583 1029 2643 alios
1059 2583 1198 2658 avaritia,

197 2668 273 2726 alios
295 2667 452 2726 iracundia
475 2676 505 2727 et
527 2669 693 2744 temeritas),
718 2688 785 2744 quae
814 2669 943 2727 maxime
972 2668 1017 2727 illi
1043 2669 1199 2727 hominum

196 2753 300 2829 generi
324 2760 371 2811 est
392 2754 505 2826 innata,
530 2761 564 2812 ut
585 2755 684 2813 levem
707 2753 891 2813 auditionem
919 2754 1052 2813 habeant
1079 2775 1134 2831 pro
1165 2774 1200 2813 re

197 2846 361 2916 comperta.
411 2838 499 2897 Bona
532 2839 644 2898 civium
667 2839 873 2898 Romanorum
907 2839 1061 2917 diripiunt,
1097 2838 1199 2920 caedes

196 2922 322 2999 faciunt,
345 2923 377 2982 in
400 2924 579 2984 servitutem
592 2925 782 2983 abstrahunt.
815 2924 954 3000 Adjuvat
972 2945 1037 2984 rem
1048 2925 1199 3002 proclina-

196 3017 258 3069 tam
283 3008 533 3070 Convictolitavis
567 3011 747 3088 plebemque
781 3009 820 3068 ad
842 3009 976 3069 furorem
998 3011 1135 3088 impellit,
1166 3016 1201 3068 ut

196 3094 332 3154 facinore
355 3095 488 3154 admisso
512 3096 552 3154 ad
574 3098 735 3154 sanitatem
757 3096 869 3155 reverti
891 3094 1013 3172 pudeat.
1064 3097 1107 3154 M.
1129 3096 1200 3154 Ari·

198 3181 289 3239 stium
311 3181 465 3239 tribunum
487 3181 625 3255 militum,
643 3182 702 3240 iter
721 3181 760 3240 ad
776 3181 927 3257 legionem
944 3179 1118 3256 facientem,
1138 3180 1201 3241 fide

199 3264 271 3323 data
294 3284 330 3322 ex
354 3265 466 3342 oppida
489 3264 645 3326 (lavillono
669 3266 816 3339 educunt,
845 3265 927 3325 idem
957 3265 1059 3326 facere
1088 3275 1201 3344 cogrmt

198 3368 260 3424 eos,
285 3351 335 3425 qui
357 3350 534 3426 negotiandi
557 3371 649 3410 causa
677 3352 720 3410 ibi
749 3352 958 3410 constiterant.
1008 3352 1076 3411 Hos
1105 3352 1201 3411 conti·

198 3455 258 3494 nuo
292 3435 323 3493 in
356 3435 463 3494 itinere
498 3435 596 3495 adorti
631 3438 770 3496 omnibus
809 3436 1034 3514 impedimentis
1069 3444 1199 3512 exuunt3

197 3528 404 3598 repugnantes
428 3520 508 3579 diem
530 3530 710 3598 noctemque
740 3521 881 3581 obsident
888 3543 894 3597 3
925 3522 1028 3581 multis
1056 3523 1201 3598 utrinque

197 3605 370 3665 interfectis
398 3605 545 3682 majorem
573 3607 797 3666 multitudinem
826 3614 1008 3667 armatorum
1037 3609 1200 3668 concitant.

283 3691 406 3750 XLIII.
451 3691 578 3751 Interim
599 3693 704 3752 nuntio
727 3693 818 3751 allato
842 3713 946 3752 omnes
969 3713 1072 3752 eorum
1089 3694 1202 3753 milites

198 3776 229 3835 in
262 3783 416 3855 potestate
451 3776 582 3837 Caesaris
616 3779 721 3853 teneri,
757 3786 941 3837 concurrunt
975 3779 1013 3837 ad
1035 3778 1200 3853 Aristium3

197 3861 275 3920 nihil
297 3863 419 3939 publico
443 3862 558 3922 facturn
593 3863 718 3922 coneilio
747 3862 970 3937 demonstrant;
1002 3865 1203 3939 quaestionem

198 3945 349 4007 debonis
378 3947 505 4025 direptis
535 3948 717 4024 decernunt;
747 3949 879 4008 Litavici
908 3947 1099 4026 fratrumque
1120 3951 1204 4009 bona
