2670 4456
162 263 202 320 52
469 254 522 307 00
541 250 668 307 annuo
687 250 864 306 0010100.

162 469 266 510 010000
312 450 501 509 occasionem
547 449 662 526 negotii
694 449 771 506 benc
811 447 936 524 gerendi
970 447 1165 507 amittendam

161 557 222 595 non
253 555 336 612 esse,
367 536 406 594 ad
435 542 536 594 castra
563 534 600 593 iri
629 542 777 612 oportere.
829 533 935 591 Multae
961 554 1012 592 res
1041 534 1080 591 ad
1107 534 1164 592 hoc
1250 566 1253 572 ·

162 623 322 682 consilium
345 622 450 681 Gallos
472 622 687 680 hortabantur:
713 619 901 697 superiorum
923 619 1041 678 dierum
1060 619 1165 679 Sabini

162 708 325 783 cunctatio,
358 706 497 785 perfugae
532 705 728 781 confirmatio,
762 706 864 782 inopia
893 705 1081 780 cibariorum,
1118 707 1165 765 001

161 795 206 853 101
227 815 335 872 parum
357 793 517 870 diligenter
547 794 584 851 ab
612 793 650 850 iis
679 799 744 850 erat
772 791 936 869 provisum,
966 811 1036 869 spes
1066 791 1164 851 Vene-

161 880 214 938 tici
236 879 318 955 belli,
343 887 374 938 01
396 879 477 954 quod
499 878 564 938 fere
580 878 710 938 libenter
727 877 863 936 homines
885 877 927 952 id,
951 877 1032 952 quod
1048 878 1164 953 volunt,

162 965 300 1025 credunt.
344 966 403 1023 His
433 966 525 1024 rebus
549 965 674 1023 adducti
696 985 757 1022 non
778 963 863 1041 prius
886 963 1092 1023 Viridovicem
1119 984 1165 1022 re-

160 1052 320 1127 liquosque
349 1051 442 1110 duces
473 1071 510 1109 ex
539 1050 665 1110 concilio
684 1049 847 1124 dimittunt,
877 1070 966 1125 quam
994 1051 1031 1107 ab
1059 1050 1097 1107 iis
1126 1050 1166 1109 sit

162 1157 350 1212 concessum,
380 1158 462 1196 arma
489 1137 534 1195 uti
564 1136 685 1213 capiant
714 1143 744 1194 01
773 1135 811 1193 ad
839 1144 940 1194 castra
969 1135 1163 1194 contendant.

163 1222 285 1293 Quare
314 1242 461 1282 concessa
489 1222 562 1298 laeti,
592 1229 626 1279 ut
655 1222 811 1298 explorata
838 1221 974 1296 victoria,
1005 1222 1165 1280 sarmentis

161 1309 362 1385 virgultisque
391 1308 538 1382 collectis,
574 1308 684 1383 quibus
712 1306 814 1367 fossas
848 1308 1053 1365 Romanorum
1087 1328 1165 1366 com·

163 1394 277 1472 pleant,
302 1394 342 1452 ad
364 1400 465 1452 castra
486 1401 626 1471 pergunt.

248 1480 339 1538 XIX.
396 1480 498 1538 Locus
532 1486 597 1538 0101
631 1486 800 1537 castrorum
828 1477 928 1536 editus
963 1485 993 1536 et
1020 1478 1166 1555 paulatim

164 1567 200 1624 ab
235 1566 294 1624 imo
329 1565 453 1625 acclivis
498 1565 618 1624 circiter
656 1584 766 1642 passus
801 1564 891 1622 mille.
952 1564 1023 1623 Huc
1056 1585 1165 1641 magno

164 1671 255 1710 cursu
278 1651 508 1726 contenderunt,
531 1658 566 1709 ut
589 1671 679 1726 quam
696 1651 849 1709 minimum
872 1650 964 1727 spatii
987 1650 1026 1707 ad
1048 1669 1082 1708 00
1106 1651 1166 1709 col·

162 1737 302 1815 ligandos
337 1737 559 1812 armandosque
591 1737 738 1795 Romanis
772 1736 909 1810 daretur,
945 1736 1166 1812 exanimatique

162 1830 375 1901 pervenerunt.
422 1823 553 1881 Sabinus
577 1841 648 1881 suos
670 1823 809 1880 hortatus
833 1822 1024 1898 cupientibus
1048 1822 1167 1899 signum

162 1908 224 1967 dat.
258 1909 418 1986 Impeditis
441 1908 581 1967 hostibus
603 1915 728 1986 propter
748 1929 793 1982 00,
817 1927 885 1982 quae
902 1907 1051 1983 ferebant,
1076 1928 1167 1967 onera

163 1995 264 2053 subito
288 1994 405 2054 duabus
428 1995 525 2072 portis
546 1995 733 2075 eruptionem
755 1992 821 2052 fieri
834 1993 933 2069 jubet.
967 1993 1097 2052 Factum
1120 2002 1167 2053 est

60 2149 65 2165 .
164 2081 388 2158 opportunitate
416 2080 490 2155 loci,
524 2079 658 2138 hostium
685 2079 845 2138 inscientia
873 2099 908 2137 ao
937 2078 1165 2156 defatigatione,

163 2167 276 2226 virtute
305 2165 433 2225 militum
462 2173 493 2224 et
522 2165 711 2243 superiorum
737 2185 909 2243 pugnarum
942 2166 1166 2242 exercitatione,

162 2261 197 2311 01
229 2272 267 2311 00
300 2272 394 2310 unum
427 2252 549 2328 quidem
580 2259 753 2310 nostrorum
790 2252 936 2328 impetum
973 2249 1092 2310 ferrent
1132 2272 1167 2311 00

164 2339 266 2397 0101110
288 2345 376 2415 terga
397 2344 561 2398 verterent.
608 2337 691 2409 Quos
712 2337 874 2415 impeditos
901 2337 1028 2413 integris
1051 2337 1167 2397 viribus
1248 2364 1250 2369 ’

62 2430 68 2447 ’
162 2425 275 2483 10111100
298 2425 396 2485 nostri
425 2424 579 2483 consecuti
607 2444 750 2500 magnum
777 2443 933 2481 numerum
963 2443 1067 2481 corum
1089 2423 1167 2482 occi·

163 2510 289 2584 derunt;
312 2510 446 2586 reliquos
470 2509 587 2586 equites
611 2510 787 2584 consectati,
810 2529 935 2587 paucos,
960 2508 1011 2584 qui
1034 2528 1071 2567 ex
1093 2508 1168 2586 fuga

165 2602 335 2670 evaserant,
364 2596 560 2671 reliquerunt.
612 2595 663 2653 Sic
690 2616 749 2654 uno
778 2602 914 2672 10100010
942 2601 972 2653 01
1000 2592 1038 2653 de
1066 2595 1168 2655 navali

163 2701 266 2758 pugna
289 2680 420 2739 Sabinus
443 2681 534 2740 etde
557 2679 662 2739 Sabini
691 2680 819 2741 victoria
848 2679 952 2739 Caesar
981 2686 1028 2739 est
1058 2680 1168 2739 certior

164 2766 274 2841 factus,
299 2766 497 2841 civitatesque
521 2785 624 2825 omnes
648 2786 681 2825 se
704 2766 809 2824 statim
830 2766 945 2824 Titurio
975 2765 1165 2824 dediderimt.

164 2851 244 2911 Nam
266 2857 300 2909 ut
322 2851 360 2910 ad
381 2851 464 2911 bolla
486 2851 681 2930 suscipienda
699 2851 855 2910 Gallorum
872 2852 972 2910 alacer
994 2871 1029 2910 ao
1045 2872 1166 2929 promp-

164 2944 215 2996 tus
239 2942 286 2996 est
308 2937 435 3013 animus,
464 2937 508 2996 sic
530 2937 630 2996 mollis
654 2957 689 2996 00
712 2937 832 2996 01101100
854 2938 1001 2996 resistens
1025 2937 1063 2996 ad
1087 2938 1166 2996 cala-

164 3024 286 3082 mitates
308 3022 506 3101 perferendas
528 3042 613 3082 mens
637 3043 740 3083 eorum
763 3030 819 3082 est.

249 3109 323 3167 XX.
368 3109 486 3168 Eodem
518 3108 583 3168 fere
616 3116 751 3186 tempore
784 3110 819 3167 P.
855 3108 985 3168 Crassus
1016 3129 1108 3185 quum
1136 3109 1181 3166 10,

164 3194 360 3270 Aquitaniam
386 3196 587 3272 pervenisset,
617 3216 683 3271 quae
706 3215 788 3273 pars,
816 3203 851 3254 ut
878 3204 948 3254 ante
971 3195 1086 3254 dictum
1109 3202 1166 3269 est,

166 3292 198 3338 et
218 3280 374 3356 regionum
395 3281 563 3340 latidudine
592 3289 623 3340 01
643 3281 835 3339 multitudine
866 3281 1019 3339 hominum
1047 3301 1084 3339 ex
1106 3287 1166 3340 ter-

165 3365 209 3423 tia
237 3372 324 3442 00110
354 3366 461 3425 Galliae
492 3373 539 3425 001
566 3367 754 3441 aestimanda,
790 3387 881 3442 quum
913 3367 1098 3443 intelligeret
1135 3366 1167 3424 in

165 3450 203 3509 iis
230 3451 306 3510 locis
335 3452 393 3510 sibi
420 3453 534 3510 bellum
559 3453 735 3529 gerendum,
768 3453 821 3510 ubi
847 3453 952 3530 paucis
982 3459 1051 3511 ante
1079 3452 1167 3510 annis

165 3537 201 3594 L.
224 3536 365 3596 Valerius
387 3538 584 3597 Praeconinus
606 3538 725 3614 legatus
752 3539 887 3597 exercitu
908 3538 996 3616 pulso
1024 3536 1167 3596 interfec-

166 3629 216 3681 tus
239 3629 331 3698 esset,
360 3630 450 3698 atque
472 3624 553 3682 unde
575 3624 611 3682 L.
634 3623 758 3682 Mallius
779 3625 943 3701 proconcul
970 3623 1167 3701 impedimen-

166 3709 206 3767 tis
230 3709 349 3767 amissis
371 3709 567 3787 profugisset,
595 3730 655 3768 non
683 3709 864 3768 mediocrem
892 3709 950 3768 sibi
978 3710 1168 3786 diligentiam

167 3794 369 3854 adhibendam
390 3795 587 3872 intelligebat.
631 3795 741 3870 Itaque
762 3816 796 3854 re
812 3795 1166 3873 frumentariaprovisa,

167 3881 286 3940 auxiliis
321 3881 516 3956 equitatuque
550 3888 740 3958 comparato,
769 3881 872 3940 multis
909 3887 1060 3959 praeterea
1091 3881 1167 3941 viris

166 3964 296 4024 fortibus
319 3966 430 4027 Tolosa
460 3975 490 4026 et
518 3966 670 4049 Narbone,
700 3987 767 4042 quae
796 3974 866 4025 sunt
894 3968 1034 4026 civitates
1058 3967 1173 4027 Galliae.
