2670 4456
18 188 446 228 W

170 259 229 315 102
487 250 538 301 DE
557 247 683 302 BELLO
704 247 881 302 GALLIGO,

168 446 245 505 Heeo
269 464 388 519 quoque
410 464 466 521 per
489 445 698 520 exploratores
721 451 792 501 ante
814 445 913 501 lucem
936 445 966 501 in
995 451 1081 502 tanta
1104 465 1174 520 pro·

168 530 340 608 pinquitate
363 537 532 589 castrorum
556 529 595 587 ad
616 529 721 587 hostes
745 527 933 587 deferuntur.

254 615 347 673 VIII.
393 616 453 674 Vix
471 635 581 692 agmen
596 615 794 674 novissimum
812 624 898 672 extra
909 614 1093 672 munitiones
1104 635 1175 692 pro-

170 707 315 773 cesserat,
351 721 442 775 quum
466 701 545 758 Galli
579 701 728 758 cohortati
762 700 841 757 inter
870 720 918 774 se,
954 721 992 758 ne
1020 707 1176 776 speratam

171 786 308 864 praedam
331 806 368 843 ex
394 787 534 845 manibus
558 785 758 844 dimitterent:
789 786 913 861 longum
941 805 1010 843 6666
1032 786 1176 861 perterri-

171 873 211 930 tis
245 872 392 930 Romanis
427 872 647 930 Germanorum
681 871 825 928 auxilium
859 878 1035 948 expectare,
1077 890 1177 945 neque

172 978 258 1016 suani
291 958 355 1033 pati
389 957 583 1034 dignitatem,
618 966 652 1013 ut
685 956 778 1013 tantis
814 957 909 1033 copiis
943 964 1006 1013 tam
1037 956 1178 1032 exiguam

170 1063 301 1114 manum,
325 1044 496 1119 praesertim
527 1043 693 1118 fugientem
720 1049 811 1115 atque
839 1041 1032 1118 impeditam,
1063 1041 1178 1099 adoriri

170 1148 231 1187 non
254 1127 394 1201 audeant,
418 1127 529 1186 flumen
552 1127 683 1186 transire
707 1135 737 1184 et
759 1129 861 1201 iniquo
891 1128 957 1185 loco
988 1127 1177 1184 committere

171 1214 311 1290 proelium
343 1234 403 1271 non
439 1214 588 1272 dubitant.
646 1213 722 1283 Quae
756 1211 835 1270 fore'
858 1213 1032 1289 suspicatus
1066 1212 1176 1270 Labie·

171 1319 239 1371 nus,
263 1307 297 1356 ut
320 1319 425 1356 omnes
449 1301 526 1357 citra
548 1298 659 1356 flumen
683 1300 820 1370 eliceret,
853 1298 959 1356 eadem
986 1317 1061 1355 usus
1085 1298 1178 1356 simu-

172 1384 285 1442 latione
308 1385 425 1442 itineris
454 1385 574 1462 placide
596 1383 858 1460 progrediebatur.
909 1383 987 1441 Tum
1009 1383 1179 1460 praemissis

173 1470 298 1546 paulum
319 1470 542 1545 impedimentis
561 1477 651 1544 atque
670 1471 701 1527 in
721 1470 835 1527 tumulo
854 1469 985 1544 quodam
1004 1469 1177 1527 collocatis:

174 1555 313 1629 Habetis,
336 1555 443 1630 inquit,
467 1556 588 1628 milites,
618 1576 708 1630 quem
741 1555 879 1631 petistis,
910 1554 1100 1625 facultatem
1125 1555 1178 1612 ho-

175 1647 254 1697 stem
275 1640 420 1716 impedito
444 1649 535 1716 atque
557 1642 660 1715 iniquo
690 1642 757 1699 loco
787 1641 912 1712 tenetis,
937 1649 1084 1718 praestate
1108 1659 1179 1698 ean-

176 1725 244 1783 dem
266 1726 354 1783 nobis
378 1725 506 1784 ducibus
536 1727 693 1800 virtutem,
729 1747 818 1800 quam
847 1745 1055 1804 saepenumero
1085 1726 1179 1802 impe-

174 1810 267 1868 ratori
300 1811 503 1888 praestitistis,
540 1820 630 1886 atque
663 1813 748 1869 illum
782 1812 891 1870 adesse
926 1819 956 1869 et
983 1812 1049 1870 11666
1079 1829 1182 1868 6616111

176 1915 299 1953 66111616
333 1897 513 1956 existimate.
568 1898 663 1955 Simul
696 1898 784 1973 signa
819 1896 857 1954 ad
890 1898 1008 1955 hostem
1044 1894 1182 1956 converti

176 1981 331 2055 aciemque
355 1982 444 2059 dirigi
462 1983 553 2058 jubet
575 1992 605 2041 61
628 1985 734 2060 paucis
758 1983 866 2040 turmis
888 1983 1031 2060 praesidio
1062 1981 1101 2039 ad
1124 1982 1178 2038 im·

175 2065 350 2142 pedimenta
373 2066 506 2126 dimissis
533 2069 666 2143 reliquos
695 2069 813 2143 equites
844 2067 883 2125 ed
909 2069 1007 2125 latera
1036 2066 1179 2143 disponit.

63 2182 67 2189 ·
140 2185 143 2189 -
177 2151 324 2209 Celeriter
357 2154 454 2211 nostri
484 2155 615 2212 clamore
639 2155 759 2212 sublato
788 2153 851 2230 pila
878 2154 909 2210 in
936 2154 1041 2211 ho'stes
1070 2151 1183 2209 immit-

176 2243 253 2294 tunt.
299 2237 351 2295 Illi
374 2240 425 2296 ubi
447 2246 560 2316 prester
583 2260 677 2317 spem,
702 2259 778 2313 quos
801 2238 908 2314 fugere
938 2237 1113 2311 credebant,
1137 2236 1183 2294 in-

176 2321 266 2380 festis
290 2323 385 2398 signis
409 2324 449 2382 ad
482 2345 515 2383 66
549 2326 593 2383 ire
626 2325 778 2397 viderunt,
813 2325 960 2400 impetum
987 2322 1077 2395 modo
1100 2321 1184 2380 ferre

176 2428 237 2466 non
270 2415 436 2484 potuerunt
470 2431 505 2468 ac
539 2412 636 2488 primo
671 2429 821 2469 concursu
855 2410 885 2466 in
915 2408 1020 2485 fugam
1052 2406 1184 2484 conjecti

176 2493 331 2570 proximas
355 2496 449 2555 silves
473 2497 636 2572 petierunt,
661 2515 737 2570 quos
761 2495 916 2552 Labienus
946 2495 1083 2568 equitatu
1113 2511 1184 2551 con·

178 2585 328 2652 666161116,
351 2601 461 2656 magno
489 2602 613 2640 numero
642 2580 819 2655 interfecto,
850 2580 1055 2656 compluribus
1086 2577 1185 2654 captis

177 2663 284 2739 paucis
306 2674 377 2741 post
400 2666 508 2724 diebus
533 2667 688 2726 civitatem
710 2666 840 2742 recepit;
865 2686 936 2723 nam
954 2664 1107 2737 Germani,
1132 2663 1185 2738 qui

179 2747 289 2805 auxilio
312 2752 485 2824 veniebant,
509 2759 654 2828 percepta
671 2752 865 2810 Trevirorum
882 2749 957 2826 fuga
974 2769 1042 2809 sese
1063 2749 1188 2807 domum

179 2841 368 2909 receperunt.
416 2835 491 2894 Cum
513 2837 560 2895 his
582 2836 745 2914 propinqui
767 2836 978 2909 Indutiomari,
1008 2836 1060 2910 qui
1083 2832 1186 2893 defec-

179 2917 270 2976 tionis
293 2927 433 2980 auctores
456 2921 592 2997 fuerant,
623 2922 758 2980 comitati
792 2941 843 2980 eos
873 2942 910 2980 ex
933 2921 1057 2980 civitate
1081 2938 1187 2978 exces-

182 3011 296 3062 66111111.
359 3005 561 3085 Cingetorigi,
602 3028 692 3082 quem
726 3009 763 3066 ab
797 3007 882 3064 initio
916 3005 1121 3084 permansisse
1155 3005 1188 3062 in

182 3088 283 3148 officio
306 3090 590 3167 demonstravimus,
615 3094 804 3170 principatus
833 3100 925 3167 atque
955 3091 1116 3169 imperium
1139 3097 1189 3148 est

184 3174 341 3236 traditum.

267 3261 326 3318 IX.
374 3261 478 3322 Caesar
499 3272 663 3340 postquam
687 3283 723 3322 ex
747 3263 898 3340 Menapiis
920 3263 950 3319 in
968 3261 1112 3319 Treviros
1135 3278 1189 3320 ve·

182 3344 236 3417 nit,
267 3345 383 3405 duabus
413 3348 450 3407 de
474 3351 575 3409 causis
598 3350 740 3408 Rhenum
761 3349 891 3407 transire
915 3346 1087 3419 constituit,
1113 3365 1188 3420 que·

182 3449 248 3486 rum
270 3451 330 3490 nna
353 3442 427 3508 erat,
451 3435 532 3509 quod
555 3435 666 3494 auxilia
689 3443 794 3492 contra
816 3454 849 3492 se
872 3433 1007 3492 Treviris
1031 3431 1188 3504 miserant,

183 3515 338 3577 alterans
361 3518 400 3575 ad
423 3538 475 3578 eos
493 3521 652 3579 Ambiorix
673 3527 831 3596 receptum
852 3519 989 3577 haberet.
1035 3517 1093 3574 His
1117 3535 1189 3573 con-

184 3599 299 3661 stitutis
321 3605 413 3663 rebus
441 3607 531 3682 paulo
561 3627 654 3683 supra
677 3625 746 3662 eum
774 3604 890 3678 locum,
920 3623 980 3679 quo
1009 3609 1079 3660 ante
1103 3619 1190 3658 exer-

185 3685 276 3746 citum
298 3689 485 3764 traduxerat,
510 3691 612 3750 facere
641 3698 765 3767 pontem
793 3689 935 3747 instituit.
986 3687 1068 3748 Nota
1096 3692 1191 3760 atque

183 3778 323 3838 instituta
355 3777 472 3835 ratione
507 3797 616 3852 magno
650 3775 778 3832 militum
812 3775 913 3833 studio
940 3774 1048 3850 paucis
1079 3771 1190 3830 diebu·

186 3883 261 3942 opus
286 3860 426 3919 efficitur.
479 3861 580 3919 Firmo
609 3862 640 3918 in
662 3861 796 3918 Treviris
828 3861 866 3918 ad
895 3867 1020 3937 pontem
1043 3855 1190 3934 praesidio

184 3950 300 4020 relicto,
329 3965 367 4003 ne
396 3948 464 4020 quis
495 3948 532 4003 ab
561 3947 599 4003 iis
629 3945 730 4004 subito
753 3952 853 4004 motus
882 3951 1028 4017 oreretur,
1051 3942 1189 4017 reliquas
