2670 4456
206 279 266 334 110
511 269 563 320 DE
582 268 710 321 BELLO
729 268 908 321 GALLICO.

203 464 249 505 est
272 446 392 505 feminee
416 447 566 521 marisque
590 464 708 504 natura.
733 446 839 504 eadem
855 450 951 504 tonna
970 446 1207 522 magnitudoque

203 553 359 591 domuum.

289 618 429 675 XXXII.
464 618 540 676 Sunt
558 621 640 681 item.
659 639 727 693 quae
746 618 937 695 appellantur
956 618 1046 674 alces.
1089 617 1208 674 Harum

204 720 250 760 est
288 704 452 761 consimilis
487 706 587 780 capris
618 703 715 780 figura
749 724 778 762 er
814 704 945 761 varietas
978 702 1117 779 pellium:
1152 702 1209 760 sed

203 789 411 863 magnitudine
434 790 524 865 parile
548 790 731 848 antecedunt
759 789 934 863 mutilaeque
964 804 1034 845 sunt
1063 787 1208 846 cornibus

203 887 233 931 et
257 895 345 931 crura
369 875 434 931 sine
461 875 549 932 nculis
579 877 776 950 articulisque
805 876 932 932 habent:
968 893 1067 947 neque
1096 873 1209 946 quietis

203 979 295 1017 causa
329 961 541 1036 procumbunt.
575 981 683 1035 neque.
719 963 744 1018 si
779 980 838 1035 quo
858 959 982 1018 afflicta
1011 979 1083 1016 casu
1107 959 1208 1017 conci-

203 1045 322 1102 derunt.
347 1045 464 1121 erigere
493 1066 561 1104 sese
592 1062 643 1103 aut
673 1047 833 1104 sublevare
861 1064 999 1122 possunt.
1049 1045 1108 1101 His
1136 1060 1209 1102 sunt

203 1132 328 1188 arbores
351 1151 406 1206 pro
431 1131 596 1189 cubilibus:
622 1132 661 1189 ad
680 1152 731 1190 eas
749 1153 782 1189 se
795 1132 948 1208 applicant
962 1148 1054 1203 atque
1065 1130 1118 1189 ita.
1131 1150 1206 1205 pau-

202 1216 265 1272 lurn
288 1216 377 1273 inodo
400 1217 572 1274 reclinatae.
603 1219 735 1291 quietem
765 1218 903 1294 capiunt:
934 1236 1061 1290 quarum
1089 1235 1127 1272 ex
1155 1231 1207 1273 ve-

203 1302 303 1376 stigiis
327 1322 419 1375 quum
448 1320 494 1359 est
526 1303 768 1360 animadversum
798 1324 815 1360 a
844 1302 1055 1360 venatoribus.
1085 1320 1145 1374 quo
1174 1320 1208 1358 se

203 1388 339 1462 recipere
373 1389 556 1445 consuerint.
592 1409 696 1446 omnes
730 1410 765 1446 eo
799 1389 865 1446 loco
900 1406 951 1445 ant
985 1388 1022 1444 ab
1052 1385 1208 1444 radicibus

204 1473 353 1528 subruunt
377 1490 429 1529 aut
452 1473 593 1531 accidunt
617 1475 741 1532 arbores
765 1492 898 1532 tautum.
934 1490 967 1529 ut
995 1492 1112 1529 summa
1135 1491 1204 1548 spe·
1269 1501 1275 1506 ·

204 1557 266 1614 cies
291 1577 393 1614 earum
425 1560 570 1615 stantium
600 1559 797 1633 relinquatur.
853 1560 922 1616 Huc
954 1578 1046 1632 quum
1075 1576 1108 1614 se
1137 1577 1208 1615 con·

204 1642 363 1700 suetudine
397 1644 636 1702 reclinaverunt.
670 1644 804 1702 infirmas
838 1645 963 1701 arbores
996 1642 1132 1719 pondere
1163 1641 1208 1700 af-

203 1726 311 1803 fligunt
335 1746 425 1803 atque
449 1750 507 1787 uua
531 1731 606 1806 ipsae
631 1731 801 1788 concidunt.

289 1813 450 1872 XXXIII.
496 1816 632 1873 Tertium
654 1834 701 1873 est
724 1836 820 1891 genus
844 1836 956 1883 trorum=
976 1815 1027 1888 qui
1043 1813 1090 1870 uri
1103 1813 1207 1889 appel-

203 1898 313 1954 lantur.
359 1900 400 1956 Hi
434 1918 505 1957 sunt
535 1902 742 1976 magnitudine
776 1901 867 1978 paulo
901 1900 981 1957 inira
1015 1898 1205 1974 elephantos,

203 1983 306 2058 specie
330 2000 359 2040 et
382 1985 482 2043 colore
506 2004 535 2043 et
558 1986 654 2062 figura
677 1988 765 2044 tauri.
810 1987 924 2062 Magna
952 1986 998 2042 ris
1027 2004 1132 2041 eornm
1160 1994 1209 2041 est-

205 2084 234 2125 et
270 2089 379 2143 magna
402 2071 564 2131 velocitas:
600 2093 698 2146 neque
732 2073 843 2130 homini
878 2091 976 2146 neque
999 2069 1082 2129 ferae.
1119 2089 1210 2143 quam

205 2170 436 2230 conspexerunt,
461 2176 599 2233 parcunt.
644 2158 710 2216 Hos
735 2159 870 2215 studiose
899 2157 997 2214 t'oreis
1026 2168 1145 2230 captos.
1164 2155 1210 2212 in·

204 2238 365 2297 terfieiunt.
411 2242 478 2300 Hoc
511 2263 544 2300 se
585 2244 688 2301 labore
728 2244 837 2301 diuam
874 2242 1083 2300 adolescentes
1117 2250 1212 2314 atque

203 2325 260 2382 hoc
293 2347 404 2402 genere
440 2329 609 2386 venationis
645 2350 801 2387 exercent:
836 2344 875 2386 et.
911 2329 961 2402 qui
995 2326 1142 2403 plurimos
1173 2345 1210 2382 ex

203 2410 250 2468 his
273 2411 502 2471 interfecerunt.
526 2416 630 2472 relatis
653 2416 684 2472 in
707 2415 860 2490 publicum
879 2413 1032 2471 comibus.
1057 2431 1125 2486 quae
1149 2410 1211 2468 sint

204 2497 386 2555 testimonio.
410 2520 551 2574 magnam
575 2499 677 2558 ferunt
700 2500 831 2557 laudem.
878 2498 939 2556 Sed
969 2516 1147 2556 assuescere
1171 2496 1211 2553 ad

203 2581 340 2640 homines
364 2600 392 2639 et
416 2585 608 2643 mansuefieri
631 2606 669 2643 ne
691 2586 810 2661 paruuli
840 2584 962 2658 quidem
990 2582 1110 2658 excepti
1137 2601 1209 2658 pos-

204 2674 284 2723 sunt.
330 2669 506 2743 Amplitudo
531 2690 676 2728 cornuum
700 2680 730 2729 et
752 2669 848 2746 figura
879 2686 908 2728 et
931 2670 1051 2745 species
1079 2668 1210 2724 multum

205 2772 222 2807 a
245 2759 417 2809 nostrorum
441 2755 531 2811 boum
554 2756 696 2814 cornibus
720 2755 832 2814 differt.
878 2757 953 2813 Haec
978 2753 1114 2811 studiose
1138 2771 1210 2810 oon-

205 2836 316 2910 quisita
340 2838 377 2894 ab
401 2838 495 2897 labris
519 2848 644 2917 argento
663 2841 904 2900 circumcludunt
923 2856 1014 2914 atque
1032 2839 1063 2895 in
1086 2838 1210 2914 amplis·

204 2922 290 2979 simis
314 2923 410 2999 epulis
434 2945 488 3001 pro
511 2926 630 3003 poculis
653 2938 787 2984 utuntur.

290 3007 413 3077 XXIX,
468 3011 572 3069 Caesar
601 3021 763 3088 postquam
791 3032 845 3088 per
873 3011 969 3069 [bins
1000 3009 1211 3085 exploratores

205 3095 351 3169 comperit
376 3093 492 3154 Suevos
517 3117 585 3155 sese
608 3097 639 3155 in
662 3099 755 3155 siluas
779 3097 947 3173 recepisse.
982 3094 1116 3171 inopiam
1143 3092 1210 3151 fru-

204 3179 296 3235 menti
321 3180 445 3249 veritus,
470 3184 567 3256 quod,
597 3196 630 3240 ut
659 3203 749 3259 supra
774 3182 1062 3251 demonstravimus,
1086 3178 1211 3236 minime

204 3262 341 3320 homines
366 3265 509 3326 Germani
533 3268 727 3343 agriculturae
741 3268 874 3325 student.
897 3266 1055 3324 constituit
1066 3284 1126 3321 non
1138 3283 1210 3340 pro-

204 3347 289 3423 gredi
313 3348 447 3425 longius:
473 3353 536 3412 sed.
560 3375 598 3411 ne
622 3354 741 3411 omnino
772 3360 885 3410 metum
915 3351 1032 3410 reditus
1061 3349 1108 3408 sui
1138 3349 1210 3406 bar-

205 3432 286 3489 baris
310 3434 430 3494 tolleret
452 3452 542 3512 atque
565 3452 598 3496 ut
628 3460 730 3497 eorum
761 3438 871 3495 auxilia
899 3437 1050 3508 tardaret,
1079 3433 1210 3493 reducto

205 3518 340 3575 exercitu
370 3532 486 3596 partem
522 3524 657 3582 ultimam
686 3524 805 3600 pontis,
840 3543 908 3598 quae
943 3523 1025 3599 ripas
1058 3520 1211 3578 Ubiorum

206 3603 410 3680 contingebat,
434 3608 465 3665 in
488 3608 708 3685 longitudinem
736 3609 848 3686 pedum
873 3608 922 3666 Oe
944 3605 1092 3665 rescindit
1116 3610 1210 3678 atque

204 3689 234 3746 in
258 3700 391 3749 extremo
426 3708 518 3770 ponte
552 3696 658 3753 turrim
691 3695 897 3752 tabulatorum
929 3700 1071 3767 quattuor
1095 3690 1209 3748 consti-

204 3774 263 3832 tuit
285 3777 521 3854 praesidiumque
557 3780 723 3838 cohortium
752 3780 820 3837 XII
849 3779 951 3856 pontis
980 3775 1086 3835 tuendi
1115 3795 1211 3833 eausa

204 3861 290 3936 ponit
323 3865 500 3940 magnisque
535 3885 604 3922 eum
637 3865 735 3922 locum
769 3858 987 3923 munitionibus
1014 3862 1123 3919 firmat.
1170 3860 1209 3917 Ei

203 3945 269 4003 loco
287 3948 490 4024 praesidioque
509 3951 546 4009 G.
559 3951 732 4009 Volcatium
750 3951 870 4008 'Pullum
889 3950 1112 4008 adolescentem
1129 3965 1209 4023 prae-
