2670 4456
571 258 691 313 LIBER
708 260 758 313 IV.
1120 270 1160 326 59

162 453 274 514 flumen
295 455 481 514 transierunt
504 462 595 531 atque
618 457 756 517 omnibus
780 477 883 515 eorum
912 455 1049 516 aedificiis
1073 478 1160 517 oocu-

162 542 242 619 patis
265 542 551 619 reliquampartem
572 543 679 602 hiemis
702 563 735 602 se
759 563 861 602 eorum
889 543 982 620 copiis
1012 544 1158 602 aluerunt.

247 629 285 687 V.
318 626 377 685 His
400 627 437 685 de
460 628 552 686 rebus
575 627 678 688 Caesar
701 630 811 687 certior
832 628 933 687 factus
957 636 987 687 et
1005 628 1160 690 infirmita-

164 723 226 773 tem
249 713 405 772 Gallorum
427 713 552 788 verituS,
577 715 659 791 quod
687 722 757 773 sunt
785 715 816 772 in
845 715 978 773 consiliis
1007 716 1161 793 capiendis

162 800 288 860 mobiles
334 807 364 858 et
398 799 485 859 novis
515 800 693 877 plerumque
720 802 812 860 rebus
847 799 985 876 student,
1019 801 1094 860 nihil
1123 803 1160 861 iis

165 885 409 945 committendum
432 885 625 946 existimavit.
666 888 724 946 Est
753 887 832 946 enim
860 886 916 945 hoc
941 886 1067 946 Gallicae
1091 908 1160 947 con-

167 971 345 1045 suetudinis,
369 971 414 1029 uti
437 978 467 1030 et
489 972 631 1046 viatores,
656 973 747 1031 etiam
768 972 891 1048 invitos,
921 973 1088 1032 consistere
1112 994 1161 1033 oo-

163 1066 236 1135 gant
264 1065 308 1132 et,
343 1057 415 1132 quid
449 1057 576 1133 quisque
610 1078 713 1117 eorum
747 1058 784 1116 de
813 1078 933 1134 quaque
965 1079 998 1116 re
1032 1059 1162 1118 audierit

106 1188 108 1195 >
165 1152 217 1202 aut
239 1143 425 1220 cognoverit,
449 1154 597 1218 quaerant,
622 1153 652 1202 et
674 1151 858 1203 mercatores
885 1145 917 1202 in
949 1144 1067 1222 oppidis
1095 1145 1160 1204 vul-

163 1250 220 1307 gus
243 1229 455 1302 circumsistat,
480 1229 650 1305 quibusque
673 1231 895 1307 exregionibus
914 1231 1047 1305 venia-nt,
1072 1251 1161 1306 quas·

165 1336 222 1391 que
250 1316 292 1373 ibi
320 1334 369 1373 ses
400 1316 607 1391 cognoverim
637 1317 832 1394 pronuntiare
862 1323 980 1393 cogant.
1030 1317 1089 1375 His
1111 1338 1160 1374 ru-

163 1401 297 1460 moribus
331 1408 421 1476 atque
455 1401 660 1460 auditionibus
689 1402 817 1479 permoti
846 1402 884 1460 de
920 1403 1045 1461 summis
1079 1422 1161 1480 saepe

164 1489 255 1545 rebus
279 1487 403 1546 consilia
425 1487 545 1560 ineunt,
575 1507 703 1562 quorum
731 1508 783 1546 eos
813 1508 829 1546 e
857 1488 987 1564 vestigio
1015 1489 1162 1566 poenitere

164 1593 289 1631 necesse
312 1579 368 1647 est,
392 1593 486 1647 quum
507 1573 631 1631 incertis
654 1574 826 1632 rumoribus
856 1574 991 1633 serviant
1020 1581 1050 1633 et
1071 1575 1162 1652 pleri-

165 1679 223 1735 que
246 1658 285 1717 ad
306 1659 494 1718 voluntatem
517 1679 620 1717 eorum
642 1658 713 1717 ficta
736 1659 948 1737 respondeant.

248 1745 303 1804 Vr.
350 1743 418 1815 Qua
440 1745 659 1804 consvetudine
681 1745 803 1822 cognita
826 1744 938 1821 Oaesar,
962 1765 1000 1803 ne
1029 1745 1163 1822 graviori

163 1831 241 1890 bello
265 1835 446 1904 occurreret,
469 1831 626 1906 maturius,
656 1851 746 1905 quam
775 1837 950 1905 consverat,
980 1830 1020 1888 ad
1049 1831 1162 1890 exerci-

164 1924 227 1975 tum
248 1914 459 1994 proficiscitur.
504 1917 550 1974 Eo
574 1936 665 1991 quum
686 1917 832 1986 uenisset,
856 1937 901 1992 ea,
931 1937 999 1992 quae
1021 1916 1088 1976 fore
1112 1937 1162 1976 su-

164 2003 299 2081 spicatus
322 2009 396 2075 erat,
419 2000 504 2060 facta
526 2003 677 2078 cognouit,
700 2005 809 2076 missas
832 2003 1000 2080 legationes
1029 2005 1066 2061 ab
1089 2024 1163 2062 non-

165 2089 255 2147 nullis
279 2088 454 2148 civitatibus
478 2088 517 2147 ad
542 2088 719 2164 Germanos
743 2089 948 2165 invitatusque
972 2109 1033 2164 eos,
1057 2089 1101 2146 uti
1125 2091 1162 2148 ab

164 2174 270 2233 Rheno
305 2173 512 2233 discederent:
548 2176 663 2251 omnia,
699 2195 766 2250 quae
800 2176 1021 2252 postulassent,
1057 2175 1095 2233 ab
1130 2195 1163 2234 se

165 2260 230 2319 fore
252 2267 370 2337 parata.
403 2258 470 2330 Qua
489 2279 543 2337 spe
563 2260 687 2318 adducti
705 2261 848 2319 Germani
866 2260 957 2318 latius
976 2257 1059 2335 [jam]
1071 2281 1163 2336 vaga·

163 2347 275 2404 bantur
299 2352 328 2405 et
351 2346 382 2403 in
403 2343 480 2404 fines
503 2347 680 2404 Eburonum
704 2352 733 2404 et
757 2343 992 2419 Condrusorum,
1017 2345 1069 2420 qui
1094 2352 1165 2404 sunt

163 2431 359 2492 Trevirorum
388 2431 529 2506 clientes,
566 2438 777 2509 pervenerant.
828 2431 1020 2507 Principibus
1056 2430 1163 2489 Galliae

167 2517 302 2577 evocatis
332 2515 436 2575 Caesar
464 2537 514 2591 ea,
539 2537 606 2592 quae
631 2523 830 2594 cognoverat,
860 2516 1078 2574 dissimulanda
1107 2516 1165 2575 sibi

165 2602 363 2677 existimavit,
394 2623 558 2678 corumque
588 2604 695 2662 animis
729 2603 891 2680 permulsis
922 2609 952 2660 et
981 2601 1165 2662 confirmatis

164 2690 360 2765 equitatuque
381 2688 528 2767 imperato
550 2689 665 2748 bellum
687 2710 755 2748 curn
778 2688 938 2748 Germanis
966 2708 1071 2765 gerere
1095 2709 1164 2748 con-

163 2776 271 2836 stituit.

248 2861 322 2922 VH.
357 2861 403 2920 Re
425 2860 624 2920 frumentaria
642 2868 817 2939 comparata
834 2861 1046 2936 equitibusque
1066 2861 1164 2919 delec-

163 2949 203 3007 tis
225 2949 284 3008 iter
310 2947 342 3006 in
372 2968 408 3006 ea
436 2947 505 3006 loca
533 2947 636 3005 facero
665 2948 771 3024 coepit,
807 2948 916 3022 quibus
945 2947 977 3004 in
998 2946 1074 3004 locis
1097 2965 1165 3004 esse
1214 2973 1217 2979 ·

166 3034 334 3093 Germanos
358 3033 509 3092 audiebat.
554 3034 583 3090 A
607 3033 716 3108 quibus
740 3053 832 3108 quum
859 3052 1026 3109 paucorum
1048 3031 1165 3090 dierum

164 3120 222 3179 iter
244 3121 376 3195 abesset,
399 3119 493 3196 legati
516 3121 553 3177 ab
587 3119 624 3177 iis
657 3127 815 3193 venerunt,
851 3138 979 3193 quorum
1012 3118 1078 3176 haec
1106 3116 1165 3176 fuit

167 3207 277 3265 oratio:
309 3207 478 3265 Germanos
512 3224 611 3280 neque
639 3205 757 3281 priores
786 3204 897 3283 populo
931 3203 1068 3262 Romano
1101 3204 1165 3262 bel-

166 3291 228 3349 lum
248 3291 362 3351 inferre
384 3311 482 3366 neque
505 3298 607 3349 tamen
629 3310 781 3365 recusare,
811 3290 837 3348 si
858 3290 1063 3364 lacessantur,
1093 3289 1166 3365 quin

167 3377 256 3436 armis
291 3377 491 3452 contendant,
527 3376 608 3453 quod
637 3376 857 3435 Germanorum
886 3376 1072 3435 consvetudo
1099 3377 1166 3433 haec

167 3463 206 3520 sit
228 3483 245 3520 a
267 3463 434 3540 majoribus
457 3463 579 3538 tradita,
604 3462 776 3537 quicunque
806 3461 920 3520 bellurn
948 3460 1089 3535 inferant,
1119 3478 1165 3518 re-

168 3548 276 3606 sistere
308 3568 407 3623 neque
441 3548 614 3627 deprecari,
650 3549 716 3606 haec
749 3555 852 3607 tamen
893 3547 1008 3605 dicere:
1043 3546 1166 3607 venisse

166 3633 287 3709 invitoS,
313 3634 426 3710 ejectos
451 3633 548 3693 domo.
595 3634 628 3692 Si
651 3654 738 3693 suam
760 3634 890 3711 gratiam
907 3632 1038 3691 Romani
1059 3631 1164 3704 velint,

166 3738 258 3795 posse
278 3719 316 3778 iis
338 3720 429 3779 utiles
454 3740 521 3779 esse
550 3721 677 3794 amicos;
707 3720 757 3780 vel
780 3720 839 3778 sibi
869 3737 959 3795 agros
988 3717 1164 3791 attribuant,

166 3806 216 3864 vel
237 3806 391 3882 patiantur
413 3825 465 3864 eos
487 3812 605 3881 tenere,
630 3826 705 3881 quos
724 3806 815 3864 armis
844 3803 1045 3881 posscderint.
1091 3802 1166 3860 Sese

166 3891 235 3950 unis
260 3891 369 3953 Svevis
392 3891 568 3967 concedere,
599 3893 708 3967 quibus
737 3912 775 3951 ne
804 3891 846 3948 dii
870 3889 991 3964 quidem
1012 3889 1165 3947 immorta-
