<?xml version="1.0" encoding="UTF-8"?>
<!DOCTYPE html PUBLIC "-//W3C//DTD XHTML 1.0 Transitional//EN"
    "http://www.w3.org/TR/xhtml1/DTD/xhtml1-transitional.dtd">
<html xmlns="http://www.w3.org/1999/xhtml" xml:lang="en" lang="en">
 <head>
  <title>
</title>
<meta http-equiv="Content-Type" content="text/html;charset=utf-8" />
  <meta name='ocr-system' content='tesseract 3.04.00' />
  <meta name='ocr-capabilities' content='ocr_page ocr_carea ocr_par ocr_line ocrx_word'/>
</head>
<body>
  <div class='ocr_page' id='page_1' title='image "./debellogallico00caesgoog_0060.png"; bbox 0 0 2670 4456; ppageno 0'>
   <div class='ocr_carea' id='block_1_1' title="bbox 572 275 1158 343">
    <p class='ocr_par' dir='ltr' id='par_1_1' title="bbox 572 275 1158 343">
     <span class='ocr_line' id='line_1_1' title="bbox 572 275 1158 343; baseline 0.002 -15"><span class='ocrx_word' id='word_1_1' title='bbox 572 275 692 330; x_wconf 81' lang='lat' dir='ltr'><strong>LIBER</strong></span> <span class='ocrx_word' id='word_1_2' title='bbox 709 276 764 330; x_wconf 92' lang='lat' dir='ltr'>III.</span> <span class='ocrx_word' id='word_1_3' title='bbox 1119 286 1158 343; x_wconf 83' lang='lat'><strong>51</strong></span> 
     </span>
    </p>
   </div>
   <div class='ocr_carea' id='block_1_2' title="bbox 147 471 1168 3963">
    <p class='ocr_par' dir='ltr' id='par_1_2' title="bbox 163 471 1167 1234">
     <span class='ocr_line' id='line_1_2' title="bbox 163 471 1166 548; baseline 0.001 -18"><span class='ocrx_word' id='word_1_4' title='bbox 163 479 223 545; x_wconf 87' lang='lat' dir='ltr'><strong>tus,</strong></span> <span class='ocrx_word' id='word_1_5' title='bbox 258 491 363 530; x_wconf 88' lang='lat' dir='ltr'><strong>omnes</strong></span> <span class='ocrx_word' id='word_1_6' title='bbox 391 471 482 530; x_wconf 87' lang='lat' dir='ltr'><strong>etiam</strong></span> <span class='ocrx_word' id='word_1_7' title='bbox 515 472 664 548; x_wconf 84' lang='lat' dir='ltr'><strong>gravioris</strong></span> <span class='ocrx_word' id='word_1_8' title='bbox 698 472 808 546; x_wconf 87' lang='lat' dir='ltr'><strong>aetatis,</strong></span> <span class='ocrx_word' id='word_1_9' title='bbox 841 472 874 530; x_wconf 91' lang='lat' dir='ltr'><strong>in</strong></span> <span class='ocrx_word' id='word_1_10' title='bbox 908 472 1018 547; x_wconf 86' lang='lat' dir='ltr'><strong>quibus</strong></span> <span class='ocrx_word' id='word_1_11' title='bbox 1052 473 1166 548; x_wconf 87' lang='lat' dir='ltr'><strong>aliquid</strong></span> 
     </span>
     <span class='ocr_line' id='line_1_3' title="bbox 164 556 1166 634; baseline 0 -17"><span class='ocrx_word' id='word_1_12' title='bbox 164 557 282 617; x_wconf 91' lang='lat' dir='ltr'><strong>consilii</strong></span> <span class='ocrx_word' id='word_1_13' title='bbox 304 565 357 616; x_wconf 89' lang='lat' dir='ltr'><strong>aut</strong></span> <span class='ocrx_word' id='word_1_14' title='bbox 379 556 535 633; x_wconf 76' lang='lat' dir='ltr'><strong>dignitatis</strong></span> <span class='ocrx_word' id='word_1_15' title='bbox 557 556 624 632; x_wconf 78' lang='lat' dir='ltr'><strong>filit,</strong></span> <span class='ocrx_word' id='word_1_16' title='bbox 648 578 683 616; x_wconf 87' lang='lat' dir='ltr'><strong>co</strong></span> <span class='ocrx_word' id='word_1_17' title='bbox 707 565 920 632; x_wconf 85' lang='lat' dir='ltr'><strong>convenerant,</strong></span> <span class='ocrx_word' id='word_1_18' title='bbox 945 565 1019 634; x_wconf 90' lang='lat' dir='ltr'><strong>tum,</strong></span> <span class='ocrx_word' id='word_1_19' title='bbox 1042 560 1166 619; x_wconf 89' lang='lat' dir='ltr'><strong>navium</strong></span> 
     </span>
     <span class='ocr_line' id='line_1_4' title="bbox 165 642 1165 721; baseline 0.002 -20"><span class='ocrx_word' id='word_1_20' title='bbox 165 642 244 719; x_wconf 92' lang='lat' dir='ltr'><strong>quod</strong></span> <span class='ocrx_word' id='word_1_21' title='bbox 266 643 380 718; x_wconf 91' lang='lat' dir='ltr'><strong>ubique</strong></span> <span class='ocrx_word' id='word_1_22' title='bbox 401 642 511 717; x_wconf 86' lang='lat' dir='ltr'><strong>fuerat,</strong></span> <span class='ocrx_word' id='word_1_23' title='bbox 541 643 572 701; x_wconf 93' lang='lat' dir='ltr'><strong>in</strong></span> <span class='ocrx_word' id='word_1_24' title='bbox 600 664 692 702; x_wconf 90' lang='lat' dir='ltr'><strong>unum</strong></span> <span class='ocrx_word' id='word_1_25' title='bbox 721 644 820 703; x_wconf 91' lang='lat' dir='ltr'><strong>locum</strong></span> <span class='ocrx_word' id='word_1_26' title='bbox 848 651 1024 721; x_wconf 83' lang='lat' dir='ltr'><strong>coegerant;</strong></span> <span class='ocrx_word' id='word_1_27' title='bbox 1055 645 1165 721; x_wconf 86' lang='lat' dir='ltr'><strong>quibus</strong></span> 
     </span>
     <span class='ocr_line' id='line_1_5' title="bbox 165 729 1165 807; baseline 0.002 -19"><span class='ocrx_word' id='word_1_28' title='bbox 165 729 283 788; x_wconf 89' lang='lat' dir='ltr'><strong>amissis</strong></span> <span class='ocrx_word' id='word_1_29' title='bbox 307 729 535 805; x_wconf 78' lang='lat' dir='ltr'><strong>reliquiaeque</strong></span> <span class='ocrx_word' id='word_1_30' title='bbox 558 749 616 805; x_wconf 91' lang='lat' dir='ltr'><strong>quo</strong></span> <span class='ocrx_word' id='word_1_31' title='bbox 640 749 673 788; x_wconf 88' lang='lat' dir='ltr'><strong>se</strong></span> <span class='ocrx_word' id='word_1_32' title='bbox 695 729 875 807; x_wconf 75' lang='lat' dir='ltr'><strong>reciperent,</strong></span> <span class='ocrx_word' id='word_1_33' title='bbox 901 750 999 806; x_wconf 87' lang='lat' dir='ltr'><strong>neque</strong></span> <span class='ocrx_word' id='word_1_34' title='bbox 1022 731 1165 806; x_wconf 86' lang='lat' dir='ltr'><strong>quemad·</strong></span> 
     </span>
     <span class='ocr_line' id='line_1_6' title="bbox 163 813 1166 892; baseline 0.003 -19"><span class='ocrx_word' id='word_1_35' title='bbox 163 815 285 874; x_wconf 89' lang='lat' dir='ltr'><strong>modum</strong></span> <span class='ocrx_word' id='word_1_36' title='bbox 307 813 419 892; x_wconf 90' lang='lat' dir='ltr'><strong>oppida</strong></span> <span class='ocrx_word' id='word_1_37' title='bbox 447 813 654 890; x_wconf 86' lang='lat' dir='ltr'><strong>defenderent,</strong></span> <span class='ocrx_word' id='word_1_38' title='bbox 682 817 845 874; x_wconf 87' lang='lat' dir='ltr'><strong>habebant.</strong></span> <span class='ocrx_word' id='word_1_39' title='bbox 896 815 1006 892; x_wconf 87' lang='lat' dir='ltr'><strong>Itaque</strong></span> <span class='ocrx_word' id='word_1_40' title='bbox 1034 836 1067 875; x_wconf 89' lang='lat' dir='ltr'><strong>se</strong></span> <span class='ocrx_word' id='word_1_41' title='bbox 1097 836 1166 876; x_wconf 91' lang='lat' dir='ltr'><strong>sua·</strong></span> 
     </span>
     <span class='ocr_line' id='line_1_7' title="bbox 164 899 1166 978; baseline 0.004 -20"><span class='ocrx_word' id='word_1_42' title='bbox 164 921 221 976; x_wconf 92' lang='lat' dir='ltr'><strong>que</strong></span> <span class='ocrx_word' id='word_1_43' title='bbox 256 901 355 960; x_wconf 92' lang='lat' dir='ltr'><strong>omnia</strong></span> <span class='ocrx_word' id='word_1_44' title='bbox 390 899 504 959; x_wconf 71' lang='grc'>011111</span> <span class='ocrx_word' id='word_1_45' title='bbox 537 899 726 959; x_wconf 88' lang='lat' dir='ltr'><strong>dediderunt.</strong></span> <span class='ocrx_word' id='word_1_46' title='bbox 790 901 828 959; x_wconf 91' lang='lat' dir='ltr'><strong>In</strong></span> <span class='ocrx_word' id='word_1_47' title='bbox 862 921 938 976; x_wconf 86' lang='lat' dir='ltr'><strong>quos</strong></span> <span class='ocrx_word' id='word_1_48' title='bbox 972 922 1007 960; x_wconf 91' lang='lat' dir='ltr'><strong>eo</strong></span> <span class='ocrx_word' id='word_1_49' title='bbox 1041 904 1166 978; x_wconf 86' lang='lat' dir='ltr'><strong>gravius</strong></span> 
     </span>
     <span class='ocr_line' id='line_1_8' title="bbox 164 985 1167 1064; baseline 0.002 -19"><span class='ocrx_word' id='word_1_50' title='bbox 164 986 268 1045; x_wconf 79' lang='lat' dir='ltr'><strong>Oaesar</strong></span> <span class='ocrx_word' id='word_1_51' title='bbox 290 985 505 1047; x_wconf 85' lang='lat' dir='ltr'><strong>vindicandum</strong></span> <span class='ocrx_word' id='word_1_52' title='bbox 527 987 644 1062; x_wconf 90' lang='lat' dir='ltr'><strong>statuit,</strong></span> <span class='ocrx_word' id='word_1_53' title='bbox 674 1008 732 1062; x_wconf 93' lang='lat' dir='ltr'><strong>quo</strong></span> <span class='ocrx_word' id='word_1_54' title='bbox 756 986 930 1063; x_wconf 87' lang='lat' dir='ltr'><strong>diligentius</strong></span> <span class='ocrx_word' id='word_1_55' title='bbox 958 987 990 1045; x_wconf 91' lang='lat' dir='ltr'><strong>in</strong></span> <span class='ocrx_word' id='word_1_56' title='bbox 1017 989 1167 1064; x_wconf 90' lang='lat' dir='ltr'><strong>reliquum</strong></span> 
     </span>
     <span class='ocr_line' id='line_1_9' title="bbox 163 1071 1166 1150; baseline 0.004 -20"><span class='ocrx_word' id='word_1_57' title='bbox 163 1080 283 1150; x_wconf 87' lang='lat' dir='ltr'><strong>tempus</strong></span> <span class='ocrx_word' id='word_1_58' title='bbox 307 1093 324 1130; x_wconf 92' lang='lat' dir='ltr'><strong>a</strong></span> <span class='ocrx_word' id='word_1_59' title='bbox 345 1072 484 1131; x_wconf 89' lang='lat' dir='ltr'><strong>barbaris</strong></span> <span class='ocrx_word' id='word_1_60' title='bbox 503 1071 555 1149; x_wconf 85' lang='lat' dir='ltr'><strong>jus</strong></span> <span class='ocrx_word' id='word_1_61' title='bbox 577 1073 746 1149; x_wconf 82' lang='lat' dir='ltr'><strong>legatorum</strong></span> <span class='ocrx_word' id='word_1_62' title='bbox 769 1079 1010 1134; x_wconf 82' lang='lat' dir='ltr'><strong>conservaretur.</strong></span> <span class='ocrx_word' id='word_1_63' title='bbox 1055 1074 1166 1150; x_wconf 88' lang='lat' dir='ltr'><strong>Itaque</strong></span> 
     </span>
     <span class='ocr_line' id='line_1_10' title="bbox 164 1158 1043 1234; baseline 0 -16"><span class='ocrx_word' id='word_1_64' title='bbox 164 1160 244 1218; x_wconf 89' lang='lat' dir='ltr'><strong>omni</strong></span> <span class='ocrx_word' id='word_1_65' title='bbox 267 1165 375 1216; x_wconf 89' lang='lat' dir='ltr'><strong>senatu</strong></span> <span class='ocrx_word' id='word_1_66' title='bbox 396 1166 504 1217; x_wconf 85' lang='lat' dir='ltr'><strong>necato</strong></span> <span class='ocrx_word' id='word_1_67' title='bbox 527 1159 660 1234; x_wconf 88' lang='lat' dir='ltr'><strong>reliquos</strong></span> <span class='ocrx_word' id='word_1_68' title='bbox 684 1160 740 1218; x_wconf 92' lang='lat' dir='ltr'><strong>sub</strong></span> <span class='ocrx_word' id='word_1_69' title='bbox 764 1179 875 1217; x_wconf 89' lang='lat' dir='ltr'><strong>corona</strong></span> <span class='ocrx_word' id='word_1_70' title='bbox 897 1158 1043 1219; x_wconf 90' lang='lat' dir='ltr'><strong>vendidit.</strong></span> 
     </span>
    </p>

    <p class='ocr_par' dir='ltr' id='par_1_3' title="bbox 147 1244 1168 3208">
     <span class='ocr_line' id='line_1_11' title="bbox 248 1244 1167 1321; baseline 0.002 -19"><span class='ocrx_word' id='word_1_71' title='bbox 248 1244 355 1302; x_wconf 85' lang='lat' dir='ltr'><strong>XVII.</strong></span> <span class='ocrx_word' id='word_1_72' title='bbox 400 1244 482 1302; x_wconf 92' lang='lat' dir='ltr'><strong>Dum</strong></span> <span class='ocrx_word' id='word_1_73' title='bbox 503 1245 569 1303; x_wconf 85' lang='lat' dir='ltr'><strong>haec</strong></span> <span class='ocrx_word' id='word_1_74' title='bbox 591 1245 621 1302; x_wconf 89' lang='lat' dir='ltr'><strong>in</strong></span> <span class='ocrx_word' id='word_1_75' title='bbox 644 1245 770 1304; x_wconf 87' lang='lat' dir='ltr'><strong>Venetis</strong></span> <span class='ocrx_word' id='word_1_76' title='bbox 793 1251 949 1321; x_wconf 85' lang='lat' dir='ltr'><strong>geruntur,</strong></span> <span class='ocrx_word' id='word_1_77' title='bbox 974 1244 1010 1316; x_wconf 77' lang='lat' dir='ltr'><strong>Q.</strong></span> <span class='ocrx_word' id='word_1_78' title='bbox 1031 1246 1167 1304; x_wconf 84' lang='lat' dir='ltr'><strong>Titurius</strong></span> 
     </span>
     <span class='ocr_line' id='line_1_12' title="bbox 164 1329 1168 1409; baseline 0.002 -20"><span class='ocrx_word' id='word_1_79' title='bbox 164 1330 295 1389; x_wconf 86' lang='lat' dir='ltr'><strong>Sabinus</strong></span> <span class='ocrx_word' id='word_1_80' title='bbox 323 1350 391 1388; x_wconf 89' lang='lat' dir='ltr'><strong>oum</strong></span> <span class='ocrx_word' id='word_1_81' title='bbox 418 1330 455 1388; x_wconf 90' lang='lat' dir='ltr'><strong>iis</strong></span> <span class='ocrx_word' id='word_1_82' title='bbox 484 1331 589 1407; x_wconf 90' lang='lat' dir='ltr'><strong>copiis,</strong></span> <span class='ocrx_word' id='word_1_83' title='bbox 624 1344 700 1405; x_wconf 84' lang='lat' dir='ltr'><strong>quas</strong></span> <span class='ocrx_word' id='word_1_84' title='bbox 730 1351 747 1388; x_wconf 89' lang='lat' dir='ltr'><strong>a</strong></span> <span class='ocrx_word' id='word_1_85' title='bbox 777 1329 898 1389; x_wconf 80' lang='lat' dir='ltr'><strong>Caesare</strong></span> <span class='ocrx_word' id='word_1_86' title='bbox 932 1339 1101 1409; x_wconf 88' lang='lat' dir='ltr'><strong>acceperat,</strong></span> <span class='ocrx_word' id='word_1_87' title='bbox 1135 1333 1168 1390; x_wconf 91' lang='lat' dir='ltr'><strong>in</strong></span> 
     </span>
     <span class='ocr_line' id='line_1_13' title="bbox 162 1414 1166 1493; baseline 0.002 -19"><span class='ocrx_word' id='word_1_88' title='bbox 162 1415 238 1474; x_wconf 88' lang='lat' dir='ltr'><strong>fines</strong></span> <span class='ocrx_word' id='word_1_89' title='bbox 272 1414 449 1474; x_wconf 88' lang='lat' dir='ltr'><strong>Unellorum</strong></span> <span class='ocrx_word' id='word_1_90' title='bbox 482 1417 629 1493; x_wconf 88' lang='lat' dir='ltr'><strong>pervenit.</strong></span> <span class='ocrx_word' id='word_1_91' title='bbox 685 1416 743 1474; x_wconf 90' lang='lat' dir='ltr'><strong>His</strong></span> <span class='ocrx_word' id='word_1_92' title='bbox 777 1424 908 1493; x_wconf 86' lang='lat' dir='ltr'><strong>praeerat</strong></span> <span class='ocrx_word' id='word_1_93' title='bbox 941 1417 1101 1479; x_wconf 83' lang='lat' dir='ltr'><strong>Viridovix</strong></span> <span class='ocrx_word' id='word_1_94' title='bbox 1131 1439 1166 1477; x_wconf 89' lang='lat' dir='ltr'><strong>ao</strong></span> 
     </span>
     <span class='ocr_line' id='line_1_14' title="bbox 163 1501 1166 1580; baseline 0.002 -19"><span class='ocrx_word' id='word_1_95' title='bbox 163 1522 312 1561; x_wconf 88' lang='lat' dir='ltr'><strong>summam</strong></span> <span class='ocrx_word' id='word_1_96' title='bbox 333 1501 450 1578; x_wconf 90' lang='lat' dir='ltr'><strong>imperii</strong></span> <span class='ocrx_word' id='word_1_97' title='bbox 472 1503 596 1560; x_wconf 88' lang='lat' dir='ltr'><strong>tenebat</strong></span> <span class='ocrx_word' id='word_1_98' title='bbox 623 1522 726 1560; x_wconf 88' lang='lat' dir='ltr'><strong>earum</strong></span> <span class='ocrx_word' id='word_1_99' title='bbox 749 1503 881 1560; x_wconf 88' lang='lat' dir='ltr'><strong>omnium</strong></span> <span class='ocrx_word' id='word_1_100' title='bbox 904 1504 1068 1579; x_wconf 89' lang='lat' dir='ltr'><strong>civitatum,</strong></span> <span class='ocrx_word' id='word_1_101' title='bbox 1099 1524 1166 1580; x_wconf 87' lang='lat' dir='ltr'><strong>quae</strong></span> 
     </span>
     <span class='ocr_line' id='line_1_15' title="bbox 164 1587 1166 1666; baseline 0.003 -20"><span class='ocrx_word' id='word_1_102' title='bbox 164 1587 348 1660; x_wconf 81' lang='lat' dir='ltr'><strong>defecerant,</strong></span> <span class='ocrx_word' id='word_1_103' title='bbox 381 1608 417 1645; x_wconf 91' lang='lat' dir='ltr'><strong>ex</strong></span> <span class='ocrx_word' id='word_1_104' title='bbox 440 1588 550 1662; x_wconf 91' lang='lat' dir='ltr'><strong>quibus</strong></span> <span class='ocrx_word' id='word_1_105' title='bbox 574 1589 740 1646; x_wconf 85' lang='lat' dir='ltr'><strong>exercitum</strong></span> <span class='ocrx_word' id='word_1_106' title='bbox 761 1608 948 1664; x_wconf 84' lang='lat' dir='ltr'><strong>magnasque</strong></span> <span class='ocrx_word' id='word_1_107' title='bbox 972 1590 1075 1666; x_wconf 89' lang='lat' dir='ltr'><strong>copias</strong></span> <span class='ocrx_word' id='word_1_108' title='bbox 1099 1611 1166 1650; x_wconf 88' lang='lat' dir='ltr'><strong>coe·</strong></span> 
     </span>
     <span class='ocr_line' id='line_1_16' title="bbox 162 1673 1165 1751; baseline 0.003 -20"><span class='ocrx_word' id='word_1_109' title='bbox 162 1681 258 1751; x_wconf 87' lang='lat' dir='ltr'><strong>gerat.</strong></span> <span class='ocrx_word' id='word_1_110' title='bbox 315 1674 417 1748; x_wconf 88' lang='lat' dir='ltr'><strong>Atque</strong></span> <span class='ocrx_word' id='word_1_111' title='bbox 451 1673 498 1731; x_wconf 93' lang='lat' dir='ltr'><strong>his</strong></span> <span class='ocrx_word' id='word_1_112' title='bbox 531 1674 637 1751; x_wconf 83' lang='lat' dir='ltr'><strong>paucis</strong></span> <span class='ocrx_word' id='word_1_113' title='bbox 677 1673 784 1731; x_wconf 87' lang='lat' dir='ltr'><strong>diebus</strong></span> <span class='ocrx_word' id='word_1_114' title='bbox 818 1674 942 1732; x_wconf 89' lang='lat' dir='ltr'><strong>Aulerci</strong></span> <span class='ocrx_word' id='word_1_115' title='bbox 975 1675 1165 1735; x_wconf 87' lang='lat' dir='ltr'><strong>Eburovices</strong></span> 
     </span>
     <span class='ocr_line' id='line_1_17' title="bbox 163 1757 1165 1834; baseline 0.002 -16"><span class='ocrx_word' id='word_1_116' title='bbox 163 1759 350 1834; x_wconf 79' lang='lat' dir='ltr'><strong>Lexouiique</strong></span> <span class='ocrx_word' id='word_1_117' title='bbox 381 1766 488 1818; x_wconf 87' lang='lat' dir='ltr'><strong>senatu</strong></span> <span class='ocrx_word' id='word_1_118' title='bbox 515 1778 570 1817; x_wconf 91' lang='lat' dir='ltr'><strong>suo</strong></span> <span class='ocrx_word' id='word_1_119' title='bbox 599 1757 775 1834; x_wconf 83' lang='lat' dir='ltr'><strong>interfecte,</strong></span> <span class='ocrx_word' id='word_1_120' title='bbox 811 1759 892 1834; x_wconf 92' lang='lat' dir='ltr'><strong>quod</strong></span> <span class='ocrx_word' id='word_1_121' title='bbox 926 1767 1064 1820; x_wconf 80' lang='lat' dir='ltr'><strong>auctores</strong></span> <span class='ocrx_word' id='word_1_122' title='bbox 1092 1762 1165 1820; x_wconf 91' lang='lat' dir='ltr'><strong>belli</strong></span> 
     </span>
     <span class='ocr_line' id='line_1_18' title="bbox 163 1845 1165 1924; baseline 0.002 -20"><span class='ocrx_word' id='word_1_123' title='bbox 163 1865 231 1904; x_wconf 87' lang='lat' dir='ltr'><strong>esse</strong></span> <span class='ocrx_word' id='word_1_124' title='bbox 260 1845 411 1919; x_wconf 85' lang='lat' dir='ltr'><strong>nolebant,</strong></span> <span class='ocrx_word' id='word_1_125' title='bbox 441 1852 545 1921; x_wconf 86' lang='lat' dir='ltr'><strong>portas</strong></span> <span class='ocrx_word' id='word_1_126' title='bbox 576 1845 751 1903; x_wconf 86' lang='lat' dir='ltr'><strong>clauserunt</strong></span> <span class='ocrx_word' id='word_1_127' title='bbox 778 1864 871 1919; x_wconf 89' lang='lat' dir='ltr'><strong>seque</strong></span> <span class='ocrx_word' id='word_1_128' title='bbox 900 1864 968 1903; x_wconf 91' lang='lat' dir='ltr'><strong>cum</strong></span> <span class='ocrx_word' id='word_1_129' title='bbox 990 1846 1165 1924; x_wconf 88' lang='lat' dir='ltr'><strong>Viridovice</strong></span> 
     </span>
     <span class='ocr_line' id='line_1_19' title="bbox 164 1930 1165 2008; baseline 0.002 -18"><span class='ocrx_word' id='word_1_130' title='bbox 164 1930 393 2007; x_wconf 87' lang='lat' dir='ltr'><strong>conjunxerunt,</strong></span> <span class='ocrx_word' id='word_1_131' title='bbox 421 1951 591 2007; x_wconf 83' lang='lat' dir='ltr'><strong>magnaque</strong></span> <span class='ocrx_word' id='word_1_132' title='bbox 611 1937 762 2008; x_wconf 83' lang='lat' dir='ltr'><strong>praeterea</strong></span> <span class='ocrx_word' id='word_1_133' title='bbox 783 1931 942 1989; x_wconf 89' lang='lat' dir='ltr'><strong>multitudo</strong></span> <span class='ocrx_word' id='word_1_134' title='bbox 966 1932 1099 2008; x_wconf 90' lang='lat' dir='ltr'><strong>undique</strong></span> <span class='ocrx_word' id='word_1_135' title='bbox 1128 1954 1165 1992; x_wconf 85' lang='lat' dir='ltr'><strong>ex</strong></span> 
     </span>
     <span class='ocr_line' id='line_1_20' title="bbox 164 2016 1164 2094; baseline 0.002 -18"><span class='ocrx_word' id='word_1_136' title='bbox 164 2016 264 2076; x_wconf 83' lang='lat' dir='ltr'><strong>Gallia</strong></span> <span class='ocrx_word' id='word_1_137' title='bbox 302 2016 488 2093; x_wconf 89' lang='lat' dir='ltr'><strong>perditorum</strong></span> <span class='ocrx_word' id='word_1_138' title='bbox 526 2017 679 2076; x_wconf 91' lang='lat' dir='ltr'><strong>hominum</strong></span> <span class='ocrx_word' id='word_1_139' title='bbox 722 2017 933 2092; x_wconf 87' lang='lat' dir='ltr'><strong>latronumque</strong></span> <span class='ocrx_word' id='word_1_140' title='bbox 971 2027 1164 2094; x_wconf 88' lang='lat' dir='ltr'><strong>convenerat,</strong></span> 
     </span>
     <span class='ocr_line' id='line_1_21' title="bbox 164 2102 1164 2181; baseline 0.002 -21"><span class='ocrx_word' id='word_1_141' title='bbox 164 2122 239 2179; x_wconf 86' lang='lat' dir='ltr'><strong>quos</strong></span> <span class='ocrx_word' id='word_1_142' title='bbox 274 2121 344 2179; x_wconf 90' lang='lat' dir='ltr'><strong>spes</strong></span> <span class='ocrx_word' id='word_1_143' title='bbox 377 2102 535 2180; x_wconf 85' lang='lat' dir='ltr'><strong>praedandi</strong></span> <span class='ocrx_word' id='word_1_144' title='bbox 570 2102 763 2178; x_wconf 87' lang='lat' dir='ltr'><strong>studiumque</strong></span> <span class='ocrx_word' id='word_1_145' title='bbox 795 2103 930 2161; x_wconf 85' lang='lat' dir='ltr'><strong>bellandi</strong></span> <span class='ocrx_word' id='word_1_146' title='bbox 963 2105 1000 2162; x_wconf 82' lang='lat' dir='ltr'><strong>ab</strong></span> <span class='ocrx_word' id='word_1_147' title='bbox 1036 2105 1164 2181; x_wconf 79' lang='lat' dir='ltr'><strong>agricul-</strong></span> 
     </span>
     <span class='ocr_line' id='line_1_22' title="bbox 162 2188 1165 2263; baseline 0.002 -16"><span class='ocrx_word' id='word_1_148' title='bbox 162 2196 233 2247; x_wconf 89' lang='lat' dir='ltr'><strong>tura</strong></span> <span class='ocrx_word' id='word_1_149' title='bbox 267 2195 298 2246; x_wconf 91' lang='lat' dir='ltr'><strong>et</strong></span> <span class='ocrx_word' id='word_1_150' title='bbox 330 2188 504 2263; x_wconf 89' lang='lat' dir='ltr'><strong>quotidiano</strong></span> <span class='ocrx_word' id='word_1_151' title='bbox 537 2189 641 2247; x_wconf 89' lang='lat' dir='ltr'><strong>labore</strong></span> <span class='ocrx_word' id='word_1_152' title='bbox 669 2191 842 2248; x_wconf 89' lang='lat' dir='ltr'><strong>revocabat.</strong></span> <span class='ocrx_word' id='word_1_153' title='bbox 900 2188 1030 2248; x_wconf 84' lang='lat' dir='ltr'><strong>Sabinus</strong></span> <span class='ocrx_word' id='word_1_154' title='bbox 1057 2191 1165 2249; x_wconf 90' lang='lat' dir='ltr'><strong>idoneo</strong></span> 
     </span>
     <span class='ocr_line' id='line_1_23' title="bbox 163 2274 1165 2349; baseline 0.001 -16"><span class='ocrx_word' id='word_1_155' title='bbox 163 2274 301 2333; x_wconf 89' lang='lat' dir='ltr'><strong>omnibus</strong></span> <span class='ocrx_word' id='word_1_156' title='bbox 323 2275 415 2332; x_wconf 90' lang='lat' dir='ltr'><strong>rebus</strong></span> <span class='ocrx_word' id='word_1_157' title='bbox 437 2275 503 2333; x_wconf 92' lang='lat' dir='ltr'><strong>loco</strong></span> <span class='ocrx_word' id='word_1_158' title='bbox 527 2274 635 2333; x_wconf 88' lang='lat' dir='ltr'><strong>castris</strong></span> <span class='ocrx_word' id='word_1_159' title='bbox 667 2294 735 2332; x_wconf 88' lang='lat' dir='ltr'><strong>sese</strong></span> <span class='ocrx_word' id='word_1_160' title='bbox 762 2275 895 2348; x_wconf 85' lang='lat' dir='ltr'><strong>tenebat,</strong></span> <span class='ocrx_word' id='word_1_161' title='bbox 925 2295 1016 2349; x_wconf 91' lang='lat' dir='ltr'><strong>quum</strong></span> <span class='ocrx_word' id='word_1_162' title='bbox 1045 2276 1165 2336; x_wconf 88' lang='lat' dir='ltr'><strong>Virido-</strong></span> 
     </span>
     <span class='ocr_line' id='line_1_24' title="bbox 159 2360 1164 2436; baseline -0.002 -16"><span class='ocrx_word' id='word_1_163' title='bbox 159 2361 212 2420; x_wconf 85' lang='lat' dir='ltr'><strong>vix</strong></span> <span class='ocrx_word' id='word_1_164' title='bbox 237 2367 342 2418; x_wconf 88' lang='lat' dir='ltr'><strong>contra</strong></span> <span class='ocrx_word' id='word_1_165' title='bbox 365 2380 433 2418; x_wconf 92' lang='lat' dir='ltr'><strong>eum</strong></span> <span class='ocrx_word' id='word_1_166' title='bbox 455 2360 548 2417; x_wconf 89' lang='lat' dir='ltr'><strong>duum</strong></span> <span class='ocrx_word' id='word_1_167' title='bbox 576 2361 690 2417; x_wconf 89' lang='lat' dir='ltr'><strong>milium</strong></span> <span class='ocrx_word' id='word_1_168' title='bbox 718 2360 816 2436; x_wconf 89' lang='lat' dir='ltr'><strong>spatio</strong></span> <span class='ocrx_word' id='word_1_169' title='bbox 848 2360 1038 2418; x_wconf 87' lang='lat' dir='ltr'><strong>consedisset</strong></span> <span class='ocrx_word' id='word_1_170' title='bbox 1068 2362 1164 2436; x_wconf 90' lang='lat' dir='ltr'><strong>quoti·</strong></span> 
     </span>
     <span class='ocr_line' id='line_1_25' title="bbox 161 2444 1165 2523; baseline 0.001 -19"><span class='ocrx_word' id='word_1_171' title='bbox 161 2445 271 2520; x_wconf 86' lang='lat' dir='ltr'><strong>dieque</strong></span> <span class='ocrx_word' id='word_1_172' title='bbox 293 2445 449 2523; x_wconf 89' lang='lat' dir='ltr'><strong>productis</strong></span> <span class='ocrx_word' id='word_1_173' title='bbox 472 2446 567 2522; x_wconf 92' lang='lat' dir='ltr'><strong>copiis</strong></span> <span class='ocrx_word' id='word_1_174' title='bbox 589 2444 745 2522; x_wconf 83' lang='lat' dir='ltr'><strong>pugnandi</strong></span> <span class='ocrx_word' id='word_1_175' title='bbox 767 2451 951 2521; x_wconf 86' lang='lat' dir='ltr'><strong>potestatem</strong></span> <span class='ocrx_word' id='word_1_176' title='bbox 972 2444 1097 2520; x_wconf 82' lang='lat' dir='ltr'><strong>faceret,</strong></span> <span class='ocrx_word' id='word_1_177' title='bbox 1130 2454 1165 2505; x_wconf 93' lang='lat' dir='ltr'><strong>ut</strong></span> 
     </span>
     <span class='ocr_line' id='line_1_26' title="bbox 158 2530 1164 2608; baseline 0.002 -18"><span class='ocrx_word' id='word_1_178' title='bbox 158 2531 224 2608; x_wconf 86' lang='lat' dir='ltr'><strong>jam</strong></span> <span class='ocrx_word' id='word_1_179' title='bbox 246 2552 306 2589; x_wconf 89' lang='lat' dir='ltr'><strong>non</strong></span> <span class='ocrx_word' id='word_1_180' title='bbox 329 2532 425 2589; x_wconf 90' lang='lat' dir='ltr'><strong>solum</strong></span> <span class='ocrx_word' id='word_1_181' title='bbox 447 2531 587 2590; x_wconf 91' lang='lat' dir='ltr'><strong>hostibus</strong></span> <span class='ocrx_word' id='word_1_182' title='bbox 617 2531 649 2589; x_wconf 93' lang='lat' dir='ltr'><strong>in</strong></span> <span class='ocrx_word' id='word_1_183' title='bbox 678 2531 930 2607; x_wconf 88' lang='lat' dir='ltr'><strong>contemptionem</strong></span> <span class='ocrx_word' id='word_1_184' title='bbox 952 2530 1083 2591; x_wconf 83' lang='lat' dir='ltr'><strong>Sabinus</strong></span> <span class='ocrx_word' id='word_1_185' title='bbox 1112 2553 1164 2592; x_wconf 85' lang='lat' dir='ltr'><strong>ve-</strong></span> 
     </span>
     <span class='ocr_line' id='line_1_27' title="bbox 161 2616 1165 2692; baseline 0.003 -17"><span class='ocrx_word' id='word_1_186' title='bbox 161 2618 251 2692; x_wconf 87' lang='lat' dir='ltr'><strong>niret,</strong></span> <span class='ocrx_word' id='word_1_187' title='bbox 286 2616 341 2675; x_wconf 88' lang='lat' dir='ltr'><strong>sed</strong></span> <span class='ocrx_word' id='word_1_188' title='bbox 374 2617 464 2676; x_wconf 87' lang='lat' dir='ltr'><strong>etiam</strong></span> <span class='ocrx_word' id='word_1_189' title='bbox 492 2624 664 2675; x_wconf 88' lang='lat' dir='ltr'><strong>nostrorum</strong></span> <span class='ocrx_word' id='word_1_190' title='bbox 692 2616 821 2674; x_wconf 92' lang='lat' dir='ltr'><strong>militum</strong></span> <span class='ocrx_word' id='word_1_191' title='bbox 846 2617 973 2675; x_wconf 91' lang='lat' dir='ltr'><strong>vocibus</strong></span> <span class='ocrx_word' id='word_1_192' title='bbox 1001 2639 1062 2677; x_wconf 91' lang='lat' dir='ltr'><strong>non</strong></span> <span class='ocrx_word' id='word_1_193' title='bbox 1090 2619 1165 2677; x_wconf 90' lang='lat' dir='ltr'><strong>nihil</strong></span> 
     </span>
     <span class='ocr_line' id='line_1_28' title="bbox 163 2703 1166 2781; baseline 0.003 -20"><span class='ocrx_word' id='word_1_194' title='bbox 163 2710 347 2780; x_wconf 83' lang='lat' dir='ltr'><strong>carperetur,</strong></span> <span class='ocrx_word' id='word_1_195' title='bbox 380 2710 557 2779; x_wconf 86' lang='lat' dir='ltr'><strong>tantamque</strong></span> <span class='ocrx_word' id='word_1_196' title='bbox 590 2703 760 2780; x_wconf 89' lang='lat' dir='ltr'><strong>opinionem</strong></span> <span class='ocrx_word' id='word_1_197' title='bbox 793 2703 909 2761; x_wconf 90' lang='lat' dir='ltr'><strong>timoris</strong></span> <span class='ocrx_word' id='word_1_198' title='bbox 942 2706 1088 2781; x_wconf 88' lang='lat' dir='ltr'><strong>praebuit,</strong></span> <span class='ocrx_word' id='word_1_199' title='bbox 1131 2713 1166 2764; x_wconf 91' lang='lat' dir='ltr'><strong>ut</strong></span> 
     </span>
     <span class='ocr_line' id='line_1_29' title="bbox 158 2788 1166 2865; baseline 0.003 -18"><span class='ocrx_word' id='word_1_200' title='bbox 158 2788 224 2865; x_wconf 87' lang='lat' dir='ltr'><strong>jam</strong></span> <span class='ocrx_word' id='word_1_201' title='bbox 247 2789 285 2846; x_wconf 88' lang='lat' dir='ltr'><strong>ad</strong></span> <span class='ocrx_word' id='word_1_202' title='bbox 307 2788 420 2847; x_wconf 89' lang='lat' dir='ltr'><strong>vallum</strong></span> <span class='ocrx_word' id='word_1_203' title='bbox 439 2797 607 2848; x_wconf 89' lang='lat' dir='ltr'><strong>castrorum</strong></span> <span class='ocrx_word' id='word_1_204' title='bbox 628 2790 733 2847; x_wconf 88' lang='lat' dir='ltr'><strong>hostes</strong></span> <span class='ocrx_word' id='word_1_205' title='bbox 757 2789 902 2847; x_wconf 87' lang='lat' dir='ltr'><strong>accedere</strong></span> <span class='ocrx_word' id='word_1_206' title='bbox 925 2789 1080 2849; x_wconf 89' lang='lat' dir='ltr'><strong>auderent.</strong></span> <span class='ocrx_word' id='word_1_207' title='bbox 1126 2791 1166 2850; x_wconf 92' lang='lat' dir='ltr'><strong>Id</strong></span> 
     </span>
     <span class='ocr_line' id='line_1_30' title="bbox 158 2870 1164 2950; baseline 0.002 -17"><span class='ocrx_word' id='word_1_208' title='bbox 158 2870 200 2933; x_wconf 35' lang='lat' dir='ltr'><strong>⁸ea</strong></span> <span class='ocrx_word' id='word_1_209' title='bbox 222 2874 260 2932; x_wconf 91' lang='lat' dir='ltr'><strong>de</strong></span> <span class='ocrx_word' id='word_1_210' title='bbox 282 2894 374 2932; x_wconf 87' lang='lat' dir='ltr'><strong>causa</strong></span> <span class='ocrx_word' id='word_1_211' title='bbox 403 2872 544 2950; x_wconf 84' lang='lat' dir='ltr'><strong>faciebat,</strong></span> <span class='ocrx_word' id='word_1_212' title='bbox 575 2876 656 2950; x_wconf 89' lang='lat' dir='ltr'><strong>quod</strong></span> <span class='ocrx_word' id='word_1_213' title='bbox 684 2895 751 2932; x_wconf 90' lang='lat' dir='ltr'><strong>cum</strong></span> <span class='ocrx_word' id='word_1_214' title='bbox 779 2882 865 2933; x_wconf 86' lang='lat' dir='ltr'><strong>tanta</strong></span> <span class='ocrx_word' id='word_1_215' title='bbox 891 2877 1083 2935; x_wconf 88' lang='lat' dir='ltr'><strong>multitudine</strong></span> <span class='ocrx_word' id='word_1_216' title='bbox 1111 2877 1164 2935; x_wconf 92' lang='lat' dir='ltr'><strong>ho·</strong></span> 
     </span>
     <span class='ocr_line' id='line_1_31' title="bbox 147 2961 1164 3038; baseline 0.001 -19"><span class='ocrx_word' id='word_1_217' title='bbox 147 2961 265 3034; x_wconf 86' lang='lat' dir='ltr'><strong>¹stium,</strong></span> <span class='ocrx_word' id='word_1_218' title='bbox 288 2961 458 3037; x_wconf 87' lang='lat' dir='ltr'><strong>praesertim</strong></span> <span class='ocrx_word' id='word_1_219' title='bbox 481 2981 516 3018; x_wconf 90' lang='lat' dir='ltr'><strong>eo</strong></span> <span class='ocrx_word' id='word_1_220' title='bbox 540 2961 675 3035; x_wconf 86' lang='lat' dir='ltr'><strong>absente,</strong></span> <span class='ocrx_word' id='word_1_221' title='bbox 699 2961 750 3036; x_wconf 91' lang='lat' dir='ltr'><strong>qui</strong></span> <span class='ocrx_word' id='word_1_222' title='bbox 773 2962 1057 3038; x_wconf 71' lang='grc' dir='ltr'><strong>111111111111111111Ι</strong></span> <span class='ocrx_word' id='word_1_223' title='bbox 1081 2969 1164 3020; x_wconf 88' lang='lat' dir='ltr'><strong>tene-</strong></span> 
     </span>
     <span class='ocr_line' id='line_1_32' title="bbox 162 3046 1164 3124; baseline 0.001 -20"><span class='ocrx_word' id='word_1_224' title='bbox 162 3053 219 3120; x_wconf 89' lang='lat' dir='ltr'><strong>ret,</strong></span> <span class='ocrx_word' id='word_1_225' title='bbox 253 3046 311 3104; x_wconf 89' lang='lat' dir='ltr'><strong>nisi</strong></span> <span class='ocrx_word' id='word_1_226' title='bbox 341 3065 427 3121; x_wconf 87' lang='lat' dir='ltr'><strong>aequo</strong></span> <span class='ocrx_word' id='word_1_227' title='bbox 460 3047 526 3104; x_wconf 89' lang='lat' dir='ltr'><strong>loco</strong></span> <span class='ocrx_word' id='word_1_228' title='bbox 556 3054 608 3104; x_wconf 90' lang='lat' dir='ltr'><strong>aut</strong></span> <span class='ocrx_word' id='word_1_229' title='bbox 639 3046 864 3124; x_wconf 83' lang='lat' dir='ltr'><strong>opportunitate</strong></span> <span class='ocrx_word' id='word_1_230' title='bbox 893 3046 994 3121; x_wconf 87' lang='lat' dir='ltr'><strong>aliqua</strong></span> <span class='ocrx_word' id='word_1_231' title='bbox 1023 3046 1094 3105; x_wconf 89' lang='lat' dir='ltr'><strong>data</strong></span> <span class='ocrx_word' id='word_1_232' title='bbox 1122 3048 1164 3106; x_wconf 88' lang='lat' dir='ltr'><strong>le-</strong></span> 
     </span>
     <span class='ocr_line' id='line_1_33' title="bbox 163 3131 767 3208; baseline 0 -19"><span class='ocrx_word' id='word_1_233' title='bbox 163 3139 234 3208; x_wconf 83' lang='lat' dir='ltr'><strong>gato</strong></span> <span class='ocrx_word' id='word_1_234' title='bbox 258 3131 460 3189; x_wconf 89' lang='lat' dir='ltr'><strong>dimicandum</strong></span> <span class='ocrx_word' id='word_1_235' title='bbox 481 3151 541 3189; x_wconf 89' lang='lat' dir='ltr'><strong>non</strong></span> <span class='ocrx_word' id='word_1_236' title='bbox 564 3132 767 3190; x_wconf 81' lang='lat' dir='ltr'><strong>existimabat.</strong></span> 
     </span>
    </p>

    <p class='ocr_par' dir='ltr' id='par_1_4' title="bbox 162 3216 1166 3963">
     <span class='ocr_line' id='line_1_34' title="bbox 249 3216 1165 3293; baseline 0.003 -18"><span class='ocrx_word' id='word_1_237' title='bbox 249 3217 373 3275; x_wconf 85' lang='lat' dir='ltr'>XVIII.</span> <span class='ocrx_word' id='word_1_238' title='bbox 418 3218 486 3276; x_wconf 91' lang='lat' dir='ltr'><strong>Hac</strong></span> <span class='ocrx_word' id='word_1_239' title='bbox 515 3216 692 3276; x_wconf 90' lang='lat' dir='ltr'><strong>confirmata</strong></span> <span class='ocrx_word' id='word_1_240' title='bbox 720 3217 858 3293; x_wconf 89' lang='lat' dir='ltr'><strong>opinione</strong></span> <span class='ocrx_word' id='word_1_241' title='bbox 885 3217 1001 3276; x_wconf 89' lang='lat' dir='ltr'><strong>timoris</strong></span> <span class='ocrx_word' id='word_1_242' title='bbox 1023 3218 1165 3278; x_wconf 91' lang='lat' dir='ltr'><strong>idoneum</strong></span> 
     </span>
     <span class='ocr_line' id='line_1_35' title="bbox 165 3302 1164 3382; baseline 0.003 -21"><span class='ocrx_word' id='word_1_243' title='bbox 165 3302 314 3378; x_wconf 90' lang='lat' dir='ltr'><strong>quendam</strong></span> <span class='ocrx_word' id='word_1_244' title='bbox 336 3303 486 3361; x_wconf 89' lang='lat' dir='ltr'><strong>hominem</strong></span> <span class='ocrx_word' id='word_1_245' title='bbox 509 3310 539 3361; x_wconf 87' lang='lat' dir='ltr'><strong>et</strong></span> <span class='ocrx_word' id='word_1_246' title='bbox 569 3303 709 3361; x_wconf 87' lang='lat' dir='ltr'><strong>callidum</strong></span> <span class='ocrx_word' id='word_1_247' title='bbox 737 3303 858 3378; x_wconf 85' lang='lat' dir='ltr'><strong>delegit,</strong></span> <span class='ocrx_word' id='word_1_248' title='bbox 891 3303 1022 3380; x_wconf 81' lang='lat' dir='ltr'><strong>Gallum,</strong></span> <span class='ocrx_word' id='word_1_249' title='bbox 1051 3325 1088 3363; x_wconf 85' lang='lat' dir='ltr'><strong>ex</strong></span> <span class='ocrx_word' id='word_1_250' title='bbox 1116 3306 1164 3382; x_wconf 91' lang='lat' dir='ltr'><strong>iis,</strong></span> 
     </span>
     <span class='ocr_line' id='line_1_36' title="bbox 165 3388 1164 3468; baseline 0.003 -22"><span class='ocrx_word' id='word_1_251' title='bbox 165 3408 241 3464; x_wconf 90' lang='lat' dir='ltr'><strong>quos</strong></span> <span class='ocrx_word' id='word_1_252' title='bbox 264 3388 366 3446; x_wconf 86' lang='lat' dir='ltr'><strong>auxilii</strong></span> <span class='ocrx_word' id='word_1_253' title='bbox 389 3409 480 3447; x_wconf 88' lang='lat' dir='ltr'><strong>causa</strong></span> <span class='ocrx_word' id='word_1_254' title='bbox 503 3408 605 3448; x_wconf 84' lang='lat' dir='ltr'><strong>secum</strong></span> <span class='ocrx_word' id='word_1_255' title='bbox 634 3389 776 3447; x_wconf 87' lang='lat' dir='ltr'><strong>habebat.</strong></span> <span class='ocrx_word' id='word_1_256' title='bbox 828 3389 908 3448; x_wconf 92' lang='lat' dir='ltr'><strong>Huic</strong></span> <span class='ocrx_word' id='word_1_257' title='bbox 937 3391 1055 3467; x_wconf 84' lang='lat' dir='ltr'><strong>magnis</strong></span> <span class='ocrx_word' id='word_1_258' title='bbox 1085 3411 1164 3468; x_wconf 89' lang='lat' dir='ltr'><strong>prae-</strong></span> 
     </span>
     <span class='ocr_line' id='line_1_37' title="bbox 163 3474 1165 3552; baseline 0.002 -20"><span class='ocrx_word' id='word_1_259' title='bbox 163 3474 231 3532; x_wconf 90' lang='lat' dir='ltr'><strong>miis</strong></span> <span class='ocrx_word' id='word_1_260' title='bbox 253 3474 581 3551; x_wconf 87' lang='lat' dir='ltr'><strong>pollicitationibusque</strong></span> <span class='ocrx_word' id='word_1_261' title='bbox 603 3474 776 3552; x_wconf 80' lang='lat' dir='ltr'><strong>persuadet,</strong></span> <span class='ocrx_word' id='word_1_262' title='bbox 804 3475 850 3533; x_wconf 90' lang='lat' dir='ltr'><strong>uti</strong></span> <span class='ocrx_word' id='word_1_263' title='bbox 873 3476 911 3533; x_wconf 90' lang='lat' dir='ltr'><strong>ad</strong></span> <span class='ocrx_word' id='word_1_264' title='bbox 933 3476 1037 3535; x_wconf 88' lang='lat' dir='ltr'><strong>hostes</strong></span> <span class='ocrx_word' id='word_1_265' title='bbox 1066 3484 1165 3535; x_wconf 91' lang='lat' dir='ltr'><strong>trans-</strong></span> 
     </span>
     <span class='ocr_line' id='line_1_38' title="bbox 164 3559 1165 3641; baseline 0.001 -23"><span class='ocrx_word' id='word_1_266' title='bbox 164 3567 222 3635; x_wconf 89' lang='lat' dir='ltr'><strong>eat,</strong></span> <span class='ocrx_word' id='word_1_267' title='bbox 247 3567 286 3634; x_wconf 89' lang='lat' dir='ltr'><strong>et,</strong></span> <span class='ocrx_word' id='word_1_268' title='bbox 311 3559 384 3635; x_wconf 90' lang='lat' dir='ltr'><strong>quid</strong></span> <span class='ocrx_word' id='word_1_269' title='bbox 412 3559 479 3641; x_wconf 84' lang='lat' dir='ltr'><strong>fieri</strong></span> <span class='ocrx_word' id='word_1_270' title='bbox 505 3561 588 3636; x_wconf 90' lang='lat' dir='ltr'><strong>velit,</strong></span> <span class='ocrx_word' id='word_1_271' title='bbox 619 3559 735 3619; x_wconf 90' lang='lat' dir='ltr'><strong>edocet.</strong></span> <span class='ocrx_word' id='word_1_272' title='bbox 787 3560 846 3631; x_wconf 77' lang='lat' dir='ltr'><strong>Qui</strong></span> <span class='ocrx_word' id='word_1_273' title='bbox 873 3561 926 3620; x_wconf 91' lang='lat' dir='ltr'><strong>ubi</strong></span> <span class='ocrx_word' id='word_1_274' title='bbox 952 3582 1007 3639; x_wconf 92' lang='lat' dir='ltr'><strong>pro</strong></span> <span class='ocrx_word' id='word_1_275' title='bbox 1035 3561 1165 3638; x_wconf 81' lang='lat' dir='ltr'><strong>perfuga</strong></span> 
     </span>
     <span class='ocr_line' id='line_1_39' title="bbox 164 3645 1164 3724; baseline 0.002 -20"><span class='ocrx_word' id='word_1_276' title='bbox 164 3645 203 3704; x_wconf 93' lang='lat' dir='ltr'><strong>ad</strong></span> <span class='ocrx_word' id='word_1_277' title='bbox 236 3663 288 3703; x_wconf 87' lang='lat' dir='ltr'><strong>eos</strong></span> <span class='ocrx_word' id='word_1_278' title='bbox 322 3645 415 3721; x_wconf 87' lang='lat' dir='ltr'><strong>venit,</strong></span> <span class='ocrx_word' id='word_1_279' title='bbox 448 3646 586 3704; x_wconf 89' lang='lat' dir='ltr'><strong>timorem</strong></span> <span class='ocrx_word' id='word_1_280' title='bbox 619 3646 821 3704; x_wconf 87' lang='lat' dir='ltr'><strong>Romanorum</strong></span> <span class='ocrx_word' id='word_1_281' title='bbox 855 3648 1012 3724; x_wconf 72' lang='lat' dir='ltr'><strong>proponit,</strong></span> <span class='ocrx_word' id='word_1_282' title='bbox 1056 3647 1164 3722; x_wconf 91' lang='lat' dir='ltr'><strong>quibus</strong></span> 
     </span>
     <span class='ocr_line' id='line_1_40' title="bbox 163 3730 1165 3809; baseline 0.002 -19"><span class='ocrx_word' id='word_1_283' title='bbox 163 3731 312 3808; x_wconf 79' lang='lat' dir='ltr'><strong>angustiis</strong></span> <span class='ocrx_word' id='word_1_284' title='bbox 340 3731 406 3808; x_wconf 87' lang='lat' dir='ltr'><strong>ipse</strong></span> <span class='ocrx_word' id='word_1_285' title='bbox 431 3730 534 3789; x_wconf 85' lang='lat' dir='ltr'><strong>Caesar</strong></span> <span class='ocrx_word' id='word_1_286' title='bbox 557 3753 574 3790; x_wconf 91' lang='lat' dir='ltr'><strong>a</strong></span> <span class='ocrx_word' id='word_1_287' title='bbox 595 3731 722 3790; x_wconf 86' lang='lat' dir='ltr'><strong>Venetis</strong></span> <span class='ocrx_word' id='word_1_288' title='bbox 744 3740 907 3809; x_wconf 90' lang='lat' dir='ltr'><strong>prematur,</strong></span> <span class='ocrx_word' id='word_1_289' title='bbox 937 3732 1035 3806; x_wconf 90' lang='lat' dir='ltr'><strong>docet,</strong></span> <span class='ocrx_word' id='word_1_290' title='bbox 1066 3753 1165 3807; x_wconf 88' lang='lat' dir='ltr'><strong>neque</strong></span> 
     </span>
     <span class='ocr_line' id='line_1_41' title="bbox 162 3817 1164 3894; baseline 0.004 -20"><span class='ocrx_word' id='word_1_291' title='bbox 162 3817 283 3894; x_wconf 82' lang='lat' dir='ltr'><strong>longius</strong></span> <span class='ocrx_word' id='word_1_292' title='bbox 317 3817 434 3892; x_wconf 89' lang='lat' dir='ltr'><strong>abesse,</strong></span> <span class='ocrx_word' id='word_1_293' title='bbox 469 3817 541 3892; x_wconf 90' lang='lat' dir='ltr'><strong>quin</strong></span> <span class='ocrx_word' id='word_1_294' title='bbox 573 3818 710 3894; x_wconf 88' lang='lat' dir='ltr'><strong>proxima</strong></span> <span class='ocrx_word' id='word_1_295' title='bbox 743 3828 832 3876; x_wconf 87' lang='lat' dir='ltr'><strong>nocte</strong></span> <span class='ocrx_word' id='word_1_296' title='bbox 861 3817 991 3876; x_wconf 82' lang='lat' dir='ltr'><strong>Sabinus</strong></span> <span class='ocrx_word' id='word_1_297' title='bbox 1021 3818 1099 3876; x_wconf 89' lang='lat' dir='ltr'><strong>clam</strong></span> <span class='ocrx_word' id='word_1_298' title='bbox 1127 3839 1164 3878; x_wconf 88' lang='lat' dir='ltr'><strong>ex</strong></span> 
     </span>
     <span class='ocr_line' id='line_1_42' title="bbox 164 3901 1166 3963; baseline 0.002 -2"><span class='ocrx_word' id='word_1_299' title='bbox 164 3903 274 3961; x_wconf 86' lang='lat' dir='ltr'><strong>castris</strong></span> <span class='ocrx_word' id='word_1_300' title='bbox 297 3903 462 3961; x_wconf 86' lang='lat' dir='ltr'><strong>exercitum</strong></span> <span class='ocrx_word' id='word_1_301' title='bbox 478 3902 593 3961; x_wconf 86' lang='lat' dir='ltr'><strong>&#39;educat</strong></span> <span class='ocrx_word' id='word_1_302' title='bbox 616 3910 646 3962; x_wconf 92' lang='lat' dir='ltr'><strong>et</strong></span> <span class='ocrx_word' id='word_1_303' title='bbox 669 3903 707 3962; x_wconf 89' lang='lat' dir='ltr'><strong>ad</strong></span> <span class='ocrx_word' id='word_1_304' title='bbox 737 3901 888 3962; x_wconf 77' lang='lat' dir='ltr'><strong>Caesarem</strong></span> <span class='ocrx_word' id='word_1_305' title='bbox 915 3903 1019 3961; x_wconf 89' lang='lat' dir='ltr'><strong>auxilii</strong></span> <span class='ocrx_word' id='word_1_306' title='bbox 1045 3903 1166 3963; x_wconf 84' lang='lat' dir='ltr'><strong>ferendi</strong></span> 
     </span>
    </p>
   </div>
   <div class='ocr_carea' id='block_1_3' title="bbox 164 3986 1165 4140">
    <p class='ocr_par' dir='ltr' id='par_1_5' title="bbox 164 3986 1165 4140">
     <span class='ocr_line' id='line_1_43' title="bbox 164 3986 1165 4065; baseline 0.003 -18"><span class='ocrx_word' id='word_1_307' title='bbox 164 4007 257 4047; x_wconf 89' lang='lat' dir='ltr'><strong>causa</strong></span> <span class='ocrx_word' id='word_1_308' title='bbox 277 3986 496 4065; x_wconf 87' lang='lat' dir='ltr'><strong>proficiscatur.</strong></span> <span class='ocrx_word' id='word_1_309' title='bbox 543 3988 631 4059; x_wconf 82' lang='lat' dir='ltr'><strong>Quod</strong></span> <span class='ocrx_word' id='word_1_310' title='bbox 652 3989 706 4047; x_wconf 92' lang='lat' dir='ltr'><strong>ubi</strong></span> <span class='ocrx_word' id='word_1_311' title='bbox 728 3988 865 4047; x_wconf 90' lang='lat' dir='ltr'><strong>auditum</strong></span> <span class='ocrx_word' id='word_1_312' title='bbox 887 3996 943 4064; x_wconf 90' lang='lat' dir='ltr'><strong>est,</strong></span> <span class='ocrx_word' id='word_1_313' title='bbox 975 3991 1165 4050; x_wconf 89' lang='lat' dir='ltr'><strong>conclamant</strong></span> 
     </span>
     <span class='ocr_line' id='line_1_44' title="bbox 928 4086 961 4140; baseline 0 -21"><span class='ocrx_word' id='word_1_314' title='bbox 928 4086 961 4140; x_wconf 74' lang='grc'><strong>4*</strong></span> 
     </span>
    </p>
   </div>
   <div class='ocr_carea' id='block_1_4' title="bbox 0 0 1340 4456">
    <p class='ocr_par' dir='ltr' id='par_1_6' title="bbox 0 0 1340 4456">
     <span class='ocr_line' id='line_1_45' title="bbox 0 0 1340 4456; baseline 0 0"><span class='ocrx_word' id='word_1_315' title='bbox 0 0 1340 4456; x_wconf 95' lang='lat' dir='ltr'><strong> </strong></span> 
     </span>
    </p>
   </div>
  </div>
 </body>
</html>
