2670 4456
214 230 276 288 150
538 229 590 282 DE
608 230 735 286 BELLO
754 233 924 290 GALLIGO

214 419 291 478 cutis
326 421 532 482 cacuminibus
566 438 721 503 perpetuae
754 428 858 505 fossae,
883 433 991 508 quinos
1013 434 1108 512 pedes
1133 434 1213 509 altae,

214 507 411 568 ducebantur.
457 508 527 567 Huc
549 510 595 569 illi
617 514 738 591 stipites
761 516 887 576 demissi
909 527 940 577 et
969 521 1007 578 ab
1036 519 1137 580 infimo
1167 540 1214 580 re-

212 602 316 681 vincti,
340 627 378 666 ne
399 607 507 668 reveni
534 607 670 675 possent,
705 603 743 660 ab
772 604 865 662 ramis
894 605 1075 665 eminebant.
1123 607 1216 678 Quini

216 701 303 751 erant
325 692 456 768 ordines,
493 686 649 763 conjuncti
682 687 761 747 inter
789 709 822 747 se
852 697 943 766 atque
964 691 1123 770 implicati,
1155 713 1214 768 quo

214 779 265 853 qui
298 778 496 855 intraverant,
532 791 565 832 se
598 771 658 849 ipsi
688 774 872 834 acutissimis
911 777 1001 836 vallis
1034 778 1213 838 induebant.

211 867 278 925 Hos
314 865 419 943 cippos
454 859 658 944 appellabant.
713 860 795 920 Ante
823 862 880 921 hos
903 863 1033 939 obliquis
1056 864 1215 924 ordinibus

211 954 242 1011 in
266 951 465 1028 quincuncem
493 945 650 1026 dispositis
679 947 804 1005 scrobes
843 948 934 1006 trium
961 950 993 1008 in
1022 950 1216 1011 altitudinem

211 1038 323 1116 pedum
345 1037 540 1097 fodiebantur
569 1032 716 1111 paulatim
743 1034 918 1109 angustiore
947 1034 986 1093 ad
1002 1034 1139 1095 infimum
1168 1037 1214 1097 fa·

211 1125 312 1202 stigio.
368 1123 437 1182 Huc
471 1132 584 1184 teretes
618 1119 740 1196 stipites
774 1118 895 1178 feminis
930 1121 1134 1182 crassitudine
1174 1125 1212 1183 ab

212 1230 329 1269 summo
352 1211 500 1287 praeacuti
523 1218 554 1269 et
584 1206 712 1282 praeusti
739 1205 978 1265 demittebantur
1005 1208 1062 1282 ita,
1093 1216 1127 1267 ut
1150 1229 1214 1269 non

212 1296 341 1375 amplius
364 1295 467 1373 digitis
495 1295 543 1355 IV
576 1313 613 1352 ex
647 1298 729 1350 terra
763 1291 942 1366 eminerent;
979 1293 1070 1352 simul
1104 1294 1213 1354 confir-

210 1383 312 1441 mandi
334 1389 365 1439 et
387 1382 563 1440 stabiliendi
585 1397 678 1437 causa
701 1377 812 1454 singuli
842 1379 880 1437 ab
903 1377 1004 1438 infimo
1029 1380 1094 1439 solo
1116 1381 1214 1458 pedes

210 1475 292 1526 terra
315 1467 567 1541 exculcabantur;
591 1464 709 1538 reliqua
729 1484 802 1540 pars
823 1465 940 1523 scrobis
952 1465 992 1523 ad
1014 1467 1214 1527 occultandas

211 1553 339 1613 insidias
362 1553 525 1613 viminibus
555 1575 590 1612 ac
617 1549 760 1627 virgultis
788 1550 990 1627 integebatur.
1035 1551 1138 1628 Hujus
1161 1574 1214 1630 ge-

210 1639 292 1698 neris
315 1640 416 1698 octoni
439 1640 561 1699 ordines
584 1637 669 1697 ducti
690 1643 794 1695 ternos
823 1637 901 1695 inter
929 1656 963 1695 se
990 1637 1087 1714 pedes
1116 1639 1212 1698 dista-

210 1727 293 1784 bant.
339 1725 377 1783 Id
400 1746 438 1784 ex
461 1725 657 1785 similitudine
680 1721 763 1781 floris
781 1721 877 1780 lilium
894 1723 1099 1800 appellabant.
1130 1725 1214 1785 Ante

209 1812 276 1870 haec
308 1812 396 1870 taleae
426 1811 536 1889 pedem
569 1813 668 1888 longae
702 1807 811 1866 ferreis
840 1809 938 1867 hamis
960 1808 1062 1868 infixis
1084 1817 1158 1869 totae
1181 1812 1214 1870 in

210 1904 322 1955 terram
343 1895 571 1956 infodiebantur
599 1894 863 1969 mediocribusque
891 1894 1074 1954 intermissis
1103 1898 1213 1974 spatiis

211 1983 349 2040 omnibus
371 1983 447 2041 locis
470 1983 708 2055 disserebantur,
732 1999 809 2056 quos
837 1981 976 2040 stimulos
1003 1983 1212 2042 nominabant.

296 2067 444 2127 LXXIV.
479 2069 537 2128 His
554 2070 647 2127 rebus
664 2067 810 2145 perfectis
828 2067 969 2144 regiones
982 2075 1107 2126 secutus
1120 2088 1214 2144 quam

209 2154 309 2231 potuit
331 2154 521 2229 aequissimas
544 2175 598 2232 pro
621 2153 679 2213 loci
702 2160 820 2227 natura,
843 2153 924 2211 XrV
953 2153 1036 2212 milia
1062 2173 1214 2232 passuum

211 2240 388 2317 complexus
410 2260 500 2318 pares
524 2240 662 2317 ejusdem
689 2239 809 2316 generis
843 2239 1035 2314 munitiones,
1071 2239 1212 2301 diversas

211 2327 249 2385 ab
272 2326 329 2401 his,
354 2333 460 2385 contra
483 2327 662 2386 exteriorem
684 2325 803 2384 hostem
825 2324 965 2401 perfecit,
989 2333 1023 2384 ut
1044 2346 1083 2385 ne
1100 2348 1214 2404 magna

211 2412 333 2487 quidem
365 2412 558 2471 multitudine
591 2412 790 2470 munitionum
824 2411 968 2489 praesidia
1007 2412 1213 2472 circumfundi
1237 2451 1246 2456 -

209 2505 349 2576 possent;
373 2518 411 2556 ne
434 2506 535 2558 autem
568 2518 637 2556 cum
665 2497 799 2577 periculo
829 2517 867 2555 ex
895 2498 1005 2556 castris
1034 2498 1138 2575 agredi
1162 2520 1212 2558 co-

209 2592 330 2659 gantur,
365 2583 482 2642 dierum
515 2583 613 2642 XXX
639 2580 785 2661 'pabulum
817 2582 1063 2659 frumentumque
1096 2585 1212 2644 habere

210 2688 314 2727 ornnes
337 2675 515 2729 convectum
533 2668 632 2745 jubet.

295 2753 426 2812 LXXV.
449 2753 531 2811 Dum
542 2754 609 2813 haec
621 2755 703 2833 apud
714 2755 850 2812 Alesiam
861 2762 1016 2832 geruntur,
1037 2755 1119 2815 Galli
1139 2775 1210 2815 con-

211 2839 279 2897 cilio
301 2838 473 2916 principum
494 2838 608 2898 indicto
631 2859 691 2898 non
714 2859 819 2898 omnes
842 2860 904 2913 eos,
939 2841 991 2916 qui
1021 2862 1105 2900 arma
1127 2842 1211 2901 ferre

209 2932 345 3001 possent,
368 2931 402 2982 ut
425 2924 544 2983 censuit
565 2925 806 3003 Vercingetorix,
831 2926 1042 2986 convocandos
1061 2935 1210 3003 statuunt,

212 3009 267 3070 sed
294 3018 411 3069 certum
439 3030 598 3069 numerum
625 3012 735 3089 cuique
768 3011 884 3072 civitati
911 3012 1142 3090 imperandum,
1172 3034 1210 3074 ne

155 3164 158 3169 ,
210 3103 295 3155 tanta
317 3096 509 3155 multitudine
539 3095 665 3156 confusa
692 3117 749 3156 nec
771 3096 922 3156 moderari
951 3119 1007 3158 nec
1036 3099 1210 3159 discernere

210 3201 283 3240 suos
305 3201 361 3243 nec
384 3181 590 3241 frumentandi
612 3184 759 3243 rationem
780 3184 892 3242 habere
920 3193 1056 3262 possent.
1107 3185 1209 3263 Impe-

209 3275 279 3325 rant
301 3266 428 3326 Haeduis
451 3275 542 3344 atque
565 3288 669 3327 eorum
692 3270 863 3342 clientibus,
888 3268 1075 3346 Segusiavis.
1104 3271 1210 3331 Ambi-

209 3351 333 3426 varetis,
345 3352 486 3412 Aulercis
497 3354 741 3415 Brannovicibus
754 3352 952 3428 [Blannoviis]
973 3356 1056 3415 milia
1066 3357 1209 3431 XXXV;

209 3457 315 3514 parem
346 3457 504 3497 numerum
530 3440 688 3515 Arvernis,
718 3441 869 3518 adjunctis
903 3442 1064 3517 Eleutetis,
1094 3441 1209 3502 Cadur-

176 3595 178 3599 ·
212 3525 265 3598 cis,
301 3522 437 3598 Gabalis,
470 3525 636 3600 Vellaviis,
671 3528 722 3602 qui
755 3528 811 3586 sub
845 3527 970 3605 imperio
1000 3528 1211 3588 Arvernorum

210 3629 279 3669 esse
301 3617 498 3684 consuerunt5
523 3610 682 3687 Sequanis,
706 3613 886 3687 Senonibus,
908 3613 1109 3691 Biturigibus,
1134 3613 1210 3673 San-

209 3695 300 3769 tonis,
324 3694 463 3769 Rutenis,
489 3695 672 3756 Carnutibus
685 3698 824 3758 duodena
846 3699 943 3773 milia,
972 3700 1148 3761 Bellovacis
1177 3700 1210 3759 X

211 3778 348 3852 [totidem
369 3780 609 3855 Lemovicibus];
634 3790 743 3842 octona
764 3785 942 3843 Pictonibus
966 3793 997 3844 et
1025 3785 1155 3845 Turonis
1178 3794 1210 3846 et

209 3866 352 3926 Parissiis
365 3866 575 3939 etHelvetiis;
600 3887 675 3928 sena
685 3870 836 3945 Andibus,
864 3871 1023 3930 Ambianis
1042 3871 1209 3931 Medioma·
1238 3922 1240 3927 .

210 3951 306 4027 tricis,
340 3952 539 4027 Petrocoriis,
574 3952 706 4030 Nerviis,
740 3956 880 4031 Morinis;
914 3955 1146 4035 Nitiobrogibus
1180 3958 1211 4018 V
