2670 4456
169 261 233 318 114
491 248 544 301 DE
562 245 689 300 BELLO
708 243 877 300 GALLIGO

167 447 254 506 tivis:
279 443 361 515 Quid
383 463 449 513 voe,
471 442 580 517 inquit,
604 442 683 500 hanc
705 441 847 499 miseram
871 459 906 498 ao
929 448 1052 498 tenuem
1074 443 1174 496 secta·

167 532 240 590 mini
258 529 404 608 praedam,
425 528 535 603 quibus
555 527 628 585 licet
641 526 707 601 jam
719 546 788 584 esse
800 521 1074 584 fortunatissimis?
1108 521 1174 580 Ibi-

167 619 226 676 bus
248 615 332 674 horis
354 613 547 672 Aduatucam
577 613 682 671 venire
710 612 855 689 potestis3
879 611 939 669 huc
968 627 1073 669 omnes
1102 625 1175 666 suas

169 703 309 761 fortunas
332 700 484 758 exercitus
503 699 710 756 Romanorum
733 697 875 770 contulit,
898 695 1035 773 praesidii
1056 700 1176 752 tantum

170 795 227 861 est,
250 793 285 844 ut
307 806 345 844 ne
367 804 472 842 murus
495 783 618 859 quidem
640 783 721 859 cingi
738 783 847 860 possit,
881 801 980 856 neque
1014 781 1176 856 quisquam

170 872 275 950 egredi
297 878 384 930 extra
406 869 588 928 munitiones
617 869 737 926 audeat.
795 867 906 926 Oblata
934 887 989 944 spe
1017 864 1176 939 Germani,

170 979 261 1035 quam
293 957 374 1015 nacti
402 963 490 1014 eraut
518 954 669 1032 praedam,
699 954 872 1012 inocculto
895 953 1086 1028 relinquunt3
1116 949 1177 1027 ipsi

170 1043 364 1102 Aduatucam
394 1040 582 1099 contendunt
609 1039 656 1097 usi
686 1039 792 1098 eodem
821 1039 908 1114 duce,
933 1038 1019 1114 cujus
1041 1037 1109 1096 haec
1130 1035 1176 1092 in-

172 1130 249 1188 dicio
273 1133 488 1202 cognoverant.

202 1262 210 1274 .
258 1212 414 1272 XXXVI.
468 1210 588 1283 Cicero,
620 1210 671 1284 qui
698 1229 754 1287 per
782 1228 886 1267 omnes
915 1209 1087 1286 superiores
1111 1206 1177 1265 dies

171 1299 336 1377 praeceptis
360 1296 491 1355 Caesaris
514 1316 583 1354 cum
606 1315 723 1352 summa
746 1294 904 1371 diligentia
933 1294 1044 1352 milites
1066 1293 1099 1350 in
1127 1311 1176 1350 ca·

173 1385 245 1443 stris
269 1381 469 1442 continuisset
493 1401 527 1438 ac
550 1401 589 1438 ne
612 1381 748 1439 calonem
760 1380 883 1456 quidem
895 1384 1175 1455 quemquamextra

172 1468 369 1528 munitionem
399 1466 504 1543 egredi
531 1486 642 1543 passus
672 1473 770 1540 esset,
802 1466 932 1544 septimo
962 1465 1011 1523 die
1034 1461 1179 1522 diffidens

172 1555 211 1612 de
233 1572 356 1612 numero
380 1552 496 1610 dierum
509 1550 663 1609 Caesarem
682 1550 773 1610 fidem
791 1558 993 1624 servaturum,
1012 1548 1095 1625 quod
1113 1548 1178 1606 lon-

173 1640 243 1716 gius
266 1659 335 1698 eum
345 1657 543 1716 progressum
562 1637 714 1710 audiebat,
737 1657 836 1712 neque
860 1637 923 1695 ulla
936 1637 974 1694 de
991 1634 1092 1694 reditu
1111 1634 1179 1710 ejus

173 1725 256 1784 fama
279 1723 474 1795 afferebatur,
498 1722 589 1780 simul
612 1742 714 1780 eorum
733 1729 890 1800 permotus
908 1723 1045 1794 vocibus,
1070 1720 1122 1795 qui
1144 1719 1178 1776 il-

172 1811 233 1869 lius
256 1810 432 1888 patientiam
454 1828 542 1886 paene
567 1808 776 1866 obsessionem
788 1809 994 1886 appellabant,
1018 1804 1180 1880 siquidem

174 1918 212 1954 ex
234 1895 344 1954 castris
363 1894 466 1970 egredi
488 1915 549 1951 non
567 1893 682 1966 liceret,
701 1893 817 1952 nullum
837 1893 988 1969 ejusmodi
1006 1911 1111 1950 casum
1129 1911 1179 1950 ex·

173 1988 312 2058 pectens,
333 1999 391 2055 quo
404 1979 454 2037 IX
472 1978 620 2056 oppositis
637 1978 808 2054 legionibus
823 1981 1014 2053 maximoque
1032 1976 1179 2052 equitatu,

176 2065 323 2143 dispersis
347 2085 382 2123 ao
404 2084 493 2141 paene
522 2063 631 2121 deletis
654 2064 810 2139 hostibus,
829 2065 861 2124 in
889 2065 1012 2123 milibus
1035 2081 1182 2141 passuum

175 2152 228 2210 III
251 2149 365 2209 offendi
388 2157 503 2227 posset,
527 2149 556 2207 V
581 2149 722 2207 cohortes
741 2149 961 2210 frumentatum
978 2151 1010 2208 in
1026 2147 1183 2226 proximas

177 2243 297 2313 segetes
320 2236 428 2309 mittit,
457 2255 534 2309 quas
564 2234 644 2292 inter
674 2241 705 2292 et
727 2244 829 2294 castra
853 2256 929 2296 unus
953 2235 1072 2294 omnino
1096 2232 1182 2291 collis

175 2323 330 2380 intererat.
394 2320 572 2397 Complures
606 2328 694 2379 erant
725 2321 756 2378 in
796 2322 907 2380 castris
941 2342 979 2380 ex
1011 2318 1184 2396 legionibus

178 2409 252 2484 aegri
274 2407 387 2480 relicti3
424 2427 462 2465 ex
490 2406 601 2481 quibus
630 2407 683 2481 qui
713 2406 771 2465 hoc
805 2409 904 2484 spatio
933 2408 1051 2466 dierum
1073 2423 1183 2463 conva-

178 2494 306 2565 luerant,
331 2493 451 2550 circiter
474 2490 559 2560 000,
584 2492 640 2549 sub
652 2491 764 2550 vexillo
787 2514 849 2551 una
872 2494 1049 2565 mittuntur;
1074 2508 1185 2565 magna

179 2585 329 2655 praeterea
345 2576 506 2634 multitudo
526 2577 676 2647 calonum,
696 2596 807 2653 magna
825 2579 873 2638 vis
881 2579 1098 2655 jumentorum,
1116 2592 1185 2649 quae

178 2664 211 2721 in
234 2663 344 2720 castris
367 2661 557 2735 subsederat,
579 2660 663 2719 facta
684 2669 838 2737 potestate
861 2665 1007 2740 sequitur.

265 2747 437 2804 XXXVII.
472 2747 539 2803 Hoc
561 2746 628 2822 ipso
651 2752 788 2824 tempore
806 2757 836 2808 et
854 2770 928 2808 casu
940 2747 1085 2809 Germani
1102 2744 1185 2820 equi·

180 2842 229 2891 tes
251 2832 467 2904 interveniunt,
490 2831 690 2908 protinusque
714 2832 820 2892 eodem
848 2836 916 2910 illo,
946 2855 1005 2911 quo
1028 2837 1186 2901 venerant,

182 2937 273 2976 cursu
296 2919 334 2974 ab
358 2917 530 2975 decumana
551 2923 639 2993 porta
660 2917 692 2975 in
715 2927 816 2978 castra
837 2920 1006 2999 irrumpere
1029 2922 1185 2988 conantur,

182 3023 238 3061 nec
265 3003 352 3079 prius
383 3010 455 3061 sunt
483 3001 541 3059 visi
570 3001 698 3077 objectis
729 3005 766 3062 ab
796 3025 833 3064 ea
854 3014 941 3083 parte
965 3005 1066 3077 silvis,
1096 3020 1188 3077 quam

183 3089 292 3147 castris
326 3089 615 3165 appropinquarent,
649 3107 748 3162 usque
782 3111 816 3150 eo
849 3101 893 3165 ut,
929 3093 981 3168 qui
1014 3090 1071 3149 sub
1106 3085 1188 3146 vallo

184 3173 346 3232 tenderent
367 3179 562 3246 mercatores,
586 3172 754 3249 recipiendi
781 3177 828 3234 sui
850 3175 1029 3236 facultatem
1051 3193 1113 3232 non
1134 3171 1188 3228 ha-

183 3260 300 3316 berent.
346 3258 544 3334 Inopinantes
567 3258 663 3316 nostri
685 3279 718 3317 re
740 3280 820 3319 nova
837 3264 1064 3340 perturbantur,
1089 3256 1189 3317 ccvix

187 3343 317 3420 primum
339 3343 485 3418 impetum
514 3343 622 3401 cohors
651 3344 683 3402 in
712 3346 844 3405 statione
868 3349 1007 3407 sustinet.
1054 3343 1189 3403 Circum-

185 3428 354 3485 funduntur
377 3448 413 3486 ex
435 3427 559 3502 reliquis
581 3429 686 3487 hostes
713 3431 867 3507 partibus,
898 3435 925 3492 si
953 3452 1044 3509 quem
1074 3428 1191 3488 aditum

186 3513 319 3590 reperire
341 3521 476 3588 possent.
522 3513 615 3589 AEgre
637 3521 743 3590 portas
764 3517 861 3575 nostri
890 3526 1024 3593 tuentur,
1055 3514 1190 3588 reliquos

187 3597 289 3656 aditus
310 3598 397 3655 locus
419 3598 485 3674 ipse
507 3619 563 3675 per
586 3619 619 3658 se
642 3600 829 3675 munitioque
841 3602 986 3662 defendit.
1031 3601 1191 3661 Totistre·

187 3682 313 3760 pidatur
342 3683 452 3741 castris
485 3692 576 3758 atque
610 3685 688 3743 alius
721 3704 759 3742 ex
792 3687 850 3746 alio
885 3709 1009 3748 causam
1042 3683 1191 3745 tumultus

188 3769 306 3842 quaerit,
330 3788 429 3843 neque
452 3790 511 3844 quo
535 3769 623 3845 signa
644 3767 790 3845 ferantur,
822 3793 920 3849 neque
950 3795 1040 3850 quam
1067 3773 1099 3830 in
1121 3788 1191 3846 par-

187 3863 250 3911 tem
283 3854 412 3928 quisque
440 3855 614 3928 conveniat,
650 3853 820 3930 provident.
877 3860 967 3919 Alius
996 3865 1098 3918 castra
1126 3853 1192 3931 jam

188 3946 282 4015 capta
303 3939 489 4015 pronuntiat,
513 3938 590 3997 ahos
614 3938 714 3998 deleto
737 3945 872 4003 exercitu
896 3953 987 4022 atque
1009 3946 1193 4020 imperatore
