2670 4456
565 298 686 353 LIBER
704 299 758 355 III.
1118 307 1155 364 91

155 499 322 553 castrorum
329 492 523 552 distulerimt.
541 494 657 553 Hostes
668 494 798 552 maximo
811 494 952 566 clamore,
967 493 1058 551 sicuti
1070 502 1158 569 parta

150 578 215 656 jam
237 585 328 654 atque
352 577 510 656 explorata
532 579 668 654 victoria,
692 586 793 638 turres
816 578 1049 654 testudinesque
1067 597 1157 654 agere

155 672 186 723 et
207 664 298 724 scalis
320 664 435 725 vallum
457 664 622 723 ascendere
646 672 811 743 coepertmt.
856 664 900 722 At
921 672 1007 724 tanta
1029 664 1159 722 militum

156 749 253 809 virtus
276 755 367 825 atque
391 769 428 809 ea
449 751 615 828 praesentia
637 751 728 809 animi
752 749 821 825 fuit,
845 757 888 823 ut,
913 770 1006 825 quum
1024 749 1158 824 undique

156 832 276 894 flamma
298 841 485 894 torrerentur
507 836 698 911 maximaque
720 836 850 894 telorum
872 834 1066 894 multitudine
1088 855 1157 913 pre·

155 927 308 980 merentur
331 939 447 996 suaque
470 921 569 980 omnia
598 921 813 998 impedimenta
842 927 933 995 atque
962 939 1065 978 omnes
1096 919 1158 979 for-

155 1014 245 1065 tunas
281 1004 468 1082 conflagrare
496 1005 718 1082 intelligerent,
751 1026 813 1065 non
846 1004 934 1063 modo
970 1004 1157 1081 demigrandi

156 1110 248 1150 causa
275 1089 314 1149 de
343 1091 424 1150 vallo
454 1090 616 1150 decederet
637 1111 736 1166 nemo,
767 1090 823 1150 sed
849 1109 937 1167 paene
965 1110 1003 1149 ne
1025 1091 1157 1167 respice-

157 1183 204 1235 ret
227 1175 349 1252 quidem
372 1176 541 1252 quisquam,
566 1197 601 1235 ac
623 1183 688 1234 tum
717 1196 821 1236 omnes
850 1176 997 1234 acerrime
1026 1175 1157 1234 fortissi-

155 1281 262 1338 meque
284 1270 465 1340 pugnarent.
516 1261 576 1320 Hic
605 1261 670 1321 dies
699 1263 812 1321 nostris
839 1261 929 1337 longe
957 1261 1158 1338 gravissimus

155 1345 221 1422 fuit,
245 1347 300 1406 sed
323 1354 425 1406 tamen
447 1348 527 1406 hunc
549 1347 657 1406 hebuit
680 1355 831 1422 eventum,
860 1354 894 1404 ut
923 1366 957 1406 eo
987 1346 1035 1405 die
1063 1348 1157 1405 maxi-

156 1451 223 1511 mus
245 1451 391 1491 numerus
413 1432 546 1491 hostium
568 1433 781 1492 vulneraretur
804 1441 895 1508 atque
925 1430 1156 1505 interficeretur,

155 1525 190 1576 ut
212 1537 246 1577 se
268 1518 326 1577 sub
349 1519 416 1595 ipso
439 1517 520 1578 vallo
544 1519 792 1596 constipaverant
813 1537 1029 1593 recessumque
1051 1519 1157 1596 primis

155 1602 253 1662 ultimi
274 1623 335 1663 non
358 1603 483 1663 dabant.
534 1602 664 1662 Paulum
693 1604 815 1680 quidem
840 1603 1015 1662 intermissa
1037 1603 1157 1662 flamma

156 1696 187 1748 et
209 1689 340 1764 quodam
361 1688 428 1748 loco
451 1689 527 1747 turri
550 1688 661 1748 adacta
683 1696 714 1748 et
737 1689 932 1764 contingente
950 1688 1073 1763 vallimi,
1097 1696 1157 1747 ter-

155 1774 205 1832 tiae
240 1774 373 1834 cohortis
407 1775 599 1834 centuriones
634 1795 671 1834 ex
695 1794 745 1849 eo,
776 1794 835 1850 quo
858 1774 997 1847 stabant,
1021 1773 1087 1832 loco
1110 1793 1157 1833 re-

156 1867 314 1919 cesserunt
336 1878 469 1936 suosque
492 1879 596 1920 omnes
626 1866 836 1931 removerimt3
865 1866 943 1917 nutu
970 1859 1158 1934 vocibusque

155 1944 269 2020 hostes,
305 1945 331 2004 si
358 1945 484 2005 introire
516 1947 645 2021 vellent,
679 1966 790 2005 vocare
824 1951 996 2023 coeperunt,
1031 1965 1159 2020 quorum

155 2030 299 2107 progredi
323 2049 416 2090 ausus
450 2038 497 2090 est
513 2050 611 2090 nemo.
657 2032 734 2090 Turn
757 2052 794 2090 ex
822 2031 902 2089 omni
934 2037 1022 2109 parte
1050 2030 1158 2108 lapidi-

49 2176 56 2184 ,
122 2131 126 2134 ’
156 2116 214 2175 bus
238 2114 385 2192 conjectis
409 2115 563 2175 deturbati
585 2117 740 2193 turrisque
763 2136 912 2176 succensa
935 2125 991 2175 est.

241 2201 359 2261 XLIV.
405 2202 503 2261 Erant
529 2202 561 2260 in
592 2223 628 2261 ea
649 2202 769 2278 legione
791 2202 951 2262 fortissimi
973 2201 1032 2261 viri
1054 2208 1157 2259 centu·

156 2285 267 2362 rienes,
303 2287 355 2362 qui
385 2286 450 2364 jam
483 2288 589 2366 primis
624 2287 780 2345 ordinibus
809 2286 1097 2363 appropinquarent,
1122 2286 1156 2343 Τ.

155 2371 243 2430 Pullo
267 2380 298 2430 et
319 2372 356 2431 L.
379 2373 529 2433 Vorenus.
574 2373 603 2430 Ii
625 2379 789 2449 perpetuas
812 2371 891 2429 inter
921 2389 954 2429 se
983 2377 1157 2430 controver-

156 2457 218 2516 sias
240 2457 405 2533 habebant,
437 2459 559 2533 quinam
588 2456 806 2531 anteferretur,
842 2455 1042 2530 omnibusque
1070 2456 1157 2515 annis

156 2541 194 2601 de
218 2543 285 2602 loco
309 2543 435 2602 summis
453 2542 658 2602 simultatibus
679 2541 912 2601 contendebant.
941 2541 990 2598 Ex
1008 2541 1047 2599 iis
1058 2541 1157 2615 Pullo,

157 2648 249 2703 quum
272 2628 419 2688 acerrime
442 2628 482 2687 ad
498 2629 681 2687 munitiones
692 2634 894 2706 pugnaretur:
925 2625 1006 2698 Quid
1023 2626 1158 2686 dubitas.

155 2712 262 2789 inquit,
285 2713 429 2774 Vorene?
453 2721 506 2774 aut
528 2734 619 2788 quern
640 2714 741 2772 locum
763 2721 824 2772 tuae
847 2712 1012 2791 probandae
1036 2713 1158 2773 virtutis

157 2799 321 2876 expectas?
354 2799 403 2858 hic
437 2799 502 2858 dies
536 2800 574 2858 de
607 2798 720 2858 nostris
754 2798 969 2858 controversiis
997 2797 1157 2874 judicabit.

157 2882 234 2943 Ηθθθ
258 2904 350 2960 quum
373 2884 510 2960 dixisset,
533 2885 674 2962 procedit
696 2891 782 2943 extra
803 2884 1000 2957 munitiones,
1030 2903 1158 2958 quaeque

138 2989 228 3047 pars
266 2969 400 3028 hostium
434 2969 660 3029 confertissima
698 2977 746 3028 est
778 2970 862 3043 visa,
904 2968 1052 3044 irrumpit.
1111 2967 1158 3026 Ne

156 3055 297 3114 Vorenus
325 3055 448 3130 quidem
477 3075 546 3115 sese
574 3056 655 3115 vallo
688 3055 837 3128 continet,
866 3053 921 3112 sed
951 3053 1084 3111 omnium
1106 3072 1158 3112 ve-

156 3139 233 3199 ritus
267 3140 519 3200 existimationem
554 3141 759 3215 subsequitur.
810 3140 888 3198 Tum
915 3137 1061 3197 mediocri
1090 3157 1159 3216 spa-

158 3224 201 3284 tio
234 3225 341 3285 relicto
371 3226 458 3285 Pullo
488 3226 583 3304 pilum
609 3227 641 3284 in
668 3226 773 3284 hostes
796 3223 931 3283 immittit
953 3229 1044 3299 etque
1066 3244 1160 3283 unum

157 3329 194 3369 ex
216 3311 408 3370 multitudine
440 3317 669 3389 procurrentem
701 3310 824 3386 trajicit,
860 3329 919 3385 quo
952 3328 1099 3387 percusso
1129 3317 1160 3369 et

157 3396 344 3470 exanimato,
367 3397 449 3456 hunc
472 3397 568 3456 scutis
590 3403 770 3474 protegunt,
804 3396 836 3453 in
863 3395 983 3455 hostem
1011 3396 1073 3454 tela
1094 3396 1160 3454 uni·

157 3482 240 3541 versi
286 3480 452 3558 conjiciunt
489 3502 588 3557 neque
628 3481 702 3540 dant
739 3481 933 3558 regrediendi
970 3479 1158 3539 facultatem.

156 3565 361 3643 Transfigitur
384 3575 504 3627 scutum
515 3567 636 3626 Pulloni
660 3573 690 3625 et
712 3574 853 3626 verutum
875 3567 906 3624 in
928 3565 1030 3624 balteo
1054 3564 1159 3641 defigi-

156 3658 214 3710 tur.
259 3651 382 3712 Avertit
413 3653 462 3712 hic
495 3672 585 3712 casus
619 3652 761 3729 vaginam
795 3658 825 3712 et
857 3651 993 3729 gladium
1031 3649 1160 3708 educere

158 3737 280 3796 conanti
303 3737 442 3797 dextram
470 3745 607 3797 moratur
633 3757 771 3812 manum,
793 3737 1032 3815 impeditumque
1054 3735 1160 3793 hostes

158 3821 393 3882 circumsistunt.
440 3822 598 3881 Succurrit
619 3823 759 3881 inimicus
781 3823 826 3881 illi
848 3823 988 3882 Vorenus
1018 3826 1048 3878 et
1075 3820 1159 3879 labo-

156 3907 238 3966 ranti
260 3908 411 3968 subvenit.
456 3908 507 3965 Ad
528 3908 609 3966 hunc
633 3926 666 3967 se
690 3907 851 3967 confestim
873 3927 891 3965 a
913 3905 1040 3964 Pullone
1063 3906 1160 3964 omnis

157 3992 318 4052 multitudo
348 3993 515 4066 convertit;
550 3991 636 4052 illum
663 4000 770 4053 veruto
801 3991 987 4051 arbitrantur
1015 3991 1159 4050 occisum.
