2670 4456
200 269 259 325 ηρ
501 259 553 311 oe
570 257 699 311 annuo
718 256 896 312 3111133.

196 455 359 530 biorigem.
394 455 447 528 qui
475 453 542 527 ejus
573 453 690 510 consilii
724 468 830 510 auctor
859 451 984 509 fuisset.
1008 468 1089 523 taxo,
1113 452 1202 528 cujus

197 561 307 617 magna
328 541 359 597 in
384 538 485 596 Gallia
508 538 730 611 Germaniaque
754 537 842 613 copia
864 552 921 594 est.
951 557 985 594 se
1007 537 1201 596 exanimavit.

283 624 425 682 XXXII.
472 624 563 699 Segni
588 622 814 697 Condrusique.
844 642 881 680 ex
903 636 995 698 gente
1024 632 1054 680 et
1076 643 1202 681 numero

197 710 428 781 Germanorum,
458 711 508 784 qui
532 725 602 766 sunt
624 710 704 766 inter
726 709 887 766 Eburones
908 708 1129 782 Trevirosque,
1160 709 1203 766 le-

197 810 287 872 gatos
310 796 347 853 ad
371 795 525 853 Caesarem
547 795 695 852 miserunt
723 808 850 855 oratum,
881 813 920 850 ne
946 813 982 851 33
1009 793 1042 850 in
1068 793 1205 852 hostium

198 900 321 939 numero
345 881 480 951 duceret,
503 899 580 937 neve
603 880 736 937 omnium
760 879 995 951 Germanorum,
1024 879 1077 953 qui
1099 890 1205 937 essent

198 966 274 1024 citra
297 966 447 1037 Rhenum,
471 986 563 1024 unam
585 985 654 1023 esse
677 984 800 1022 causam
819 964 986 1040 judicaret;
1011 964 1085 1021 nihil
1107 984 1142 1022 33
1164 965 1204 1023 (13

198 1052 276 1109 bello
300 1053 494 1128 cogitatisse,
518 1051 601 1108 nulla
623 1051 792 1125 Ambiorigi
805 1050 917 1107 auxilia
933 1050 1063 1107 misisse.
1099 1049 1205 1108 Caesar

198 1137 357 1213 explorata
379 1157 412 1194 re
435 1137 605 1211 quaestione
629 1137 829 1213 captivorum,
852 1136 879 1192 si
902 1136 955 1210 qui
977 1134 1016 1192 ad
1044 1154 1098 1192 eos
1120 1136 1204 1193 Ebu-

198 1242 288 1280 rones
312 1243 349 1279 ex
373 1221 445 1297 fuga
468 1223 693 1294 convenissent,
717 1220 757 1278 ad
779 1241 813 1278 se
835 1231 870 1277 ut
891 1221 1120 1287 reducerentur,
1148 1221 1204 1278 im·

199 1308 333 1384 peratit3
358 1309 385 1364 si
407 1309 450 1364 ita
472 1306 628 1375 fecissent,
651 1305 728 1365 fines
751 1326 855 1363 eorum
884 1326 917 1364 33
944 1306 1129 1365 violaturum
1150 1326 1204 1364 13-

199 1393 293 1468 gavit.
339 1393 416 1450 Tum
434 1393 530 1469 copiis
547 1393 579 1450 in
595 1408 659 1450 tres
676 1400 781 1469 partes
793 1392 966 1450 distributis
986 1391 1204 1468 impedimenta

200 1478 333 1535 omnium
359 1477 512 1553 legionum
535 1478 727 1536 Aduatucam
751 1477 886 1534 contulit.
938 1476 977 1534 Id
1006 1477 1124 1535 castelli
1152 1496 1205 1535 no-

199 1582 267 1619 men
291 1574 347 1620 est.
388 1564 456 1637 Hoc
478 1563 544 1621 fere
567 1578 614 1621 est
636 1564 668 1621 in
690 1563 797 1621 mediis
808 1563 987 1620 Eburonum
1008 1561 1129 1635 finibus,
1152 1563 1206 1620 nbi

199 1647 334 1706 Titurius
357 1662 448 1723 atque
466 1648 694 1724 Aurunculejus
712 1648 864 1706 hiemandi
884 1668 977 1706 causa
994 1647 1204 1706 consederant.

201 1733 292 1791 Hunc
320 1754 413 1808 quum
441 1735 568 1808 reliquis
590 1735 683 1792 rebus
711 1734 810 1791 locum
840 1735 1000 1810 probabat,
1031 1744 1095 1791 tum
1123 1733 1208 1808 quod

198 1819 363 1895 superioris
387 1821 458 1878 anni
480 1821 662 1877 munitiones
684 1820 812 1895 integrae
835 1820 1008 1891 manebant,
1031 1818 1208 1876 utmilitum

200 1904 334 1962 laborem
369 1905 553 1963 sublevaret.
614 1905 764 1963 Praesidio
798 1904 1022 1981 impedimentis
1055 1903 1208 1979 legionem

200 1988 288 2046 XIV.
307 1990 438 2064 reliquit,
458 2010 549 2047 unam
567 1991 659 2048 exiis
678 1991 785 2063 tribus,
805 2009 881 2064 quas
898 1990 1035 2066 proxime
1052 1989 1207 2066 conscrip-

201 2082 248 2130 tas
279 2094 316 2131 ex
345 2075 436 2132 Italia
454 2074 642 2133 traduxerat.
683 2076 720 2133 Ei
743 2075 856 2151 legioni
879 2075 1050 2149 castrisque
1074 2073 1111 2145 Q.
1134 2075 1207 2132 ‘Pul-

199 2158 273 2216 lium
302 2158 481 2218 Ciceronem
510 2159 639 2237 praeficit
670 2160 881 2234 ducentosque
911 2162 1029 2235 equites
1058 2159 1207 2218 attribuit.

284 2244 446 2304 XXXIII.
491 2247 608 2304 Partito
622 2246 758 2305 exercitu
769 2246 803 2303 Τ.
817 2246 986 2304 Labienum
999 2265 1068 2303 curn
1079 2246 1207 2320 legioni-

199 2330 257 2387 bus
281 2331 379 2389 tribus
408 2332 448 2389 ad
471 2331 628 2391 Oceanum
650 2351 760 2391 versus
783 2332 814 2388 in
837 2351 890 2389 333
912 2339 1027 2408 partes,
1051 2350 1119 2405 quae
1141 2331 1207 2390 Me·

199 2415 306 2492 133133
340 2417 503 2494 attingunt,
539 2418 694 2494 proficisci
718 2417 822 2492 jubet3
856 2417 892 2475 G.
923 2415 1109 2475 Trebonium
1137 2436 1208 2474 cum

198 2502 265 2576 pari
288 2502 441 2577 legionum
463 2523 588 2562 numero
613 2503 651 2561 ad
674 2523 741 2561 eam
763 2502 926 2578 regionem,
951 2521 1019 2577 quae
1036 2500 1208 2560 Aduatucis

200 2584 331 2660 adjacet,
356 2587 600 2663 depopulandam
622 2588 729 2659 mittit;
760 2588 826 2664 ipse
857 2608 925 2645 cum
952 2587 1078 2661 reliquis
1107 2587 1207 2646 tribus

200 2669 239 2727 ad
260 2669 375 2731 flumen
398 2672 548 2746 Scaldem,
573 2673 654 2747 quod
676 2672 775 2730 influit
796 2674 828 2730 in
839 2673 968 2747 Mosam,
993 2679 1207 2747 extremasque

199 2753 374 2814 Arduennae
388 2764 492 2833 partes
511 2758 555 2816 ire
573 2759 740 2831 constituit,
760 2778 819 2832 quo
837 2779 906 2816 cum
923 2758 1030 2835 paucis
1053 2758 1207 2831 equitibus

199 2839 370 2916 profectum
392 2843 601 2918 Ambiorigem
631 2843 782 2900 audiebat.
832 2843 1004 2902 Discedens
1032 2850 1103 2920 post
1125 2842 1208 2901 diem

198 2926 357 3002 septimum
382 2946 450 2986 3333
472 2948 668 2988 reversurum
690 2927 862 3002 confirmat,
893 2948 983 3003 quem
1012 2928 1051 2987 ad
1073 2928 1154 2986 diem
1179 2929 1207 2987 ei

198 3010 319 3087 legioni,
344 3032 413 3087 quae
436 3014 467 3071 in
497 3014 641 3090 praesidio
670 3014 908 3088 relinquebatur,
940 3013 1044 3072 deberi
1071 3011 1206 3072 frumen-

197 3108 260 3154 tum
284 3098 409 3156 sciebat.
455 3100 626 3157 Labienum
648 3099 892 3173 Treboniumque
921 3099 1070 3172 hortatur,
1105 3099 1132 3157 si
1162 3099 1207 3157 rei

197 3182 328 3257 publicae
353 3184 510 3242 commodo
539 3184 641 3242 facere
669 3184 805 3261 possint,
836 3184 875 3241 ad
904 3204 972 3242 eum
1000 3185 1080 3242 diem
1102 3203 1205 3243 rever·

197 3274 311 3341 tantur,
335 3275 370 3326 11
387 3289 494 3327 rursus
515 3269 735 3328 communicato
758 3269 883 3328 33131113
904 3270 1132 3346 exploratisque
1151 3269 1205 3327 ho-

197 3351 289 3409 stium
312 3353 481 3411 rationibus
505 3355 588 3412 aliud
610 3355 729 3413 initium
750 3355 824 3412 belli
847 3374 957 3431 capere
979 3356 1107 3432 possint.

281 3436 435 3496 XXXIV.
481 3439 566 3513 Erat,
598 3447 746 3516 utsupra
775 3439 1066 3515 demonstravimus,
1095 3459 1206 3498 manus

196 3527 281 3580 certa
303 3523 396 3598 nulla,
420 3544 480 3582 non
504 3525 656 3602 oppidum,
679 3545 739 3584 non
762 3524 948 3602 praesidium,
973 3525 1055 3599 quod
1067 3544 1100 3583 se
1113 3526 1206 3585 armis

196 3605 395 3683 defenderet;
422 3609 525 3667 sedin
543 3630 647 3669 omnes
659 3618 764 3686 partes
782 3610 922 3687 dispersa
939 3609 1112 3686 multitude,
1136 3611 1204 3669 ubi-

196 3712 315 3767 cunque
339 3703 392 3752 aut
414 3694 512 3753 valles
541 3695 645 3753 abdita
668 3702 721 3752 311
742 3695 829 3754 13313
852 3695 1005 3754 silvestris
1035 3702 1087 3754 aut
1114 3695 1206 3772 palus

194 3778 340 3855 impedita
364 3800 450 3857 spem
468 3780 604 3856 praesidii
624 3780 800 3839 aut'salutis
818 3781 950 3855 aliquam
962 3779 1120 3855 offerebat,
1134 3801 1205 3839 con-

195 3863 325 3922 sederat.
372 3867 449 3924 Haec
472 3866 540 3924 loca
562 3864 771 3924 vicinitatibus
795 3873 883 3924 31311
904 3873 979 3924 nota
1000 3885 1205 3942 magnamque

193 3967 243 4006 res
268 3948 458 4026 diligentiam
479 3950 671 4026 requirebat,
701 3954 762 4009 131
784 3951 815 4008 in
838 3971 956 4010 summa
979 3951 1131 4010 exercitus
1155 3958 1204 4010 tu-
