2670 4456
532 245 652 302 LIBER
669 247 751 302 VIII.
1099 258 1157 317 161

155 459 272 517 gasque
294 442 493 518 praestabant,
516 439 722 519 finitimasque
750 443 798 502 his
822 442 961 504 civitates
985 444 1062 504 duce
1087 443 1159 505 Ocr-

157 547 209 586 reo
237 526 402 587 Bellovaco
437 535 467 586 et
502 526 636 587 Commio
670 528 818 588 Atrebate
852 530 1004 590 exercitus
1039 551 1159 610 compa·

156 632 225 672 rare
248 619 338 688 atque
360 612 393 671 in
414 633 508 672 unum
529 613 630 673 locum
653 633 771 692 cogere,
801 622 835 673 ut
857 617 938 675 omni
965 617 1159 677 multitudine

156 699 188 758 in
221 697 297 757 fines
321 697 529 774 Suessionum,
564 700 616 775 qui
638 699 743 760 Remis
777 707 865 760 erant
898 702 1047 780 attributi,
1077 703 1159 763 face-

157 793 226 844 rent
264 784 509 862 impressionem,
542 785 695 863 pertinere
736 794 836 846 autem
875 807 935 846 non
967 795 1086 848 tantum
1121 790 1159 848 ad

157 871 346 947 dignitatem,
370 871 425 930 sed
449 871 539 929 etiam
569 870 608 929 ad
637 872 767 931 salutem
798 892 885 932 suam
910 873 1066 949 judicaret
1093 876 1159 934 nul-

157 958 217 1016 lam
240 957 444 1017 calamitatem
477 956 577 1016 socios
612 958 724 1034 optimo
757 958 796 1018 de
828 959 1008 1036 republica
1034 962 1159 1021 meritos

157 1044 304 1122 accipere,
327 1043 478 1120 legionem
500 1062 538 1100 ex
569 1042 705 1102 hibernis
738 1052 846 1106 evocat
878 1065 984 1104 rursus
1011 1046 1082 1122 XI,
1111 1047 1159 1106 lit·

156 1137 239 1188 teras
262 1135 362 1188 autem
386 1128 424 1187 ‘ad
448 1127 484 1186 G.
508 1128 637 1188 Fabium
666 1130 768 1207 mittit,
802 1138 837 1189 ut
866 1131 898 1190 in
919 1129 996 1191 fines
1019 1131 1156 1192 Suessio-

156 1236 229 1274 num
250 1214 386 1291 legiones
410 1214 454 1289 II,
484 1234 559 1289 quas
588 1215 736 1293 habebat,
767 1216 941 1293 adduceret,
972 1217 1158 1294 alteramque

158 1322 194 1360 ex
228 1301 346 1359 duabus
382 1301 420 1359 ab
443 1300 478 1359 Τ.
502 1299 638 1360 Labieno
674 1303 811 1362 arcessit.
862 1301 922 1379 Ita,
946 1311 1092 1378 quantum
1114 1305 1158 1364 hi-

156 1389 320 1447 bernorum
351 1385 562 1465 opportunitas
595 1387 729 1463 bellique
756 1389 834 1448 ratio
865 1389 1056 1468 postulabat,
1090 1410 1159 1469 per·

155 1481 248 1552 petuo
290 1492 344 1531 suo
383 1472 487 1531 labore
525 1471 557 1530 in
590 1473 689 1532 vicem
727 1474 898 1552 legionibus
932 1475 1159 1553 expeditionum

157 1580 233 1619 onus
256 1558 444 1635 injungebat.

241 1645 316 1705 VII.
361 1644 419 1702 His
443 1643 537 1720 copiis
562 1645 676 1704 coactis
699 1646 739 1704 ad
749 1645 931 1707 Bellovacos
953 1646 1158 1725 proficiscitur

157 1731 328 1806 castrisque
345 1731 377 1788 in
405 1749 509 1788 eorum
537 1728 649 1789 finibus
666 1731 776 1809 positis
805 1733 939 1808 equitum
966 1739 1083 1792 turmas
1113 1733 1157 1791 di-

155 1817 249 1877 mittit
271 1817 302 1875 in
325 1835 430 1875 omnes
452 1822 558 1892 partes
581 1815 620 1874 ad
642 1817 760 1893 aliquos
791 1817 1002 1895 excipiendos,
1033 1839 1071 1878 ex
1094 1820 1158 1894 qui-

155 1906 214 1963 bus
236 1902 369 1962 hostium
392 1900 518 1960 consilia
541 1910 747 1979 cognosceret.
792 1904 920 1980 Equites
943 1903 1043 1964 officio
1061 1904 1160 1965 functi

155 1989 331 2049 renuntiant
352 2006 468 2066 paucos
491 1986 523 2044 in
546 1987 682 2047 aedificiis
706 1993 775 2049 es'se
802 1990 954 2066 inventos,
979 2001 1070 2067 atque
1091 1992 1158 2067 hos,

155 2096 216 2135 non
238 2076 290 2152 qui
314 2093 455 2152 agrorum
477 2073 672 2134 colendorum
694 2095 787 2135 causa
814 2077 1032 2136 remansissent
1063 2075 1158 2149 (nam-

156 2182 215 2238 que
238 2181 306 2220 esse
328 2159 461 2235 undique
484 2159 646 2236 diligenter
669 2161 892 2240 demigratum),
923 2162 979 2221 sed
1009 2163 1060 2238 qui
1089 2181 1157 2240 spe·

156 2248 278 2307 culandi
301 2266 394 2305 causa
417 2252 520 2304 essent
541 2247 671 2305 remissi.
721 2249 750 2304 A
782 2248 892 2327 quibus
921 2268 1013 2324 quum
1041 2267 1157 2323 quaere-

154 2340 202 2392 ret
242 2332 362 2405 Caesar,
404 2351 462 2406 quo
496 2330 563 2389 loco
602 2332 763 2391 multitudo
804 2340 886 2392 esset
925 2333 1159 2393 Bellovacorum

155 2419 275 2494 quodve
309 2424 393 2477 esset
427 2416 586 2476 consilium
619 2437 733 2493 eorum,
768 2418 942 2478 inveniebat
975 2419 1157 2480 Bellovacos

155 2525 270 2580 omnes,
294 2504 346 2580 qui
369 2523 453 2562 arma
480 2501 561 2562 ferre
589 2511 731 2580 possent,
765 2505 798 2562 in
829 2525 922 2562 unum
955 2505 1055 2563 locum
1088 2525 1158 2563 con-

154 2591 286 2665 venisse,
320 2591 454 2664 itemque
481 2588 659 2665 Ambianos,
693 2590 853 2666 Aulercos,
889 2589 1026 2664 Caletos,
1056 2591 1158 2652 Velio·

157 2696 277 2751 cassos,
316 2675 500 2748 Atrebatas3
541 2676 641 2733 locum
681 2675 790 2735 castris
824 2676 978 2736 excelsum
1011 2676 1042 2735 in
1081 2677 1160 2736 silva

156 2761 342 2822 circumdata
380 2759 494 2839 palude
535 2760 686 2838 delegisse
693 2782 700 2836 3
741 2762 959 2840 impedimenta
992 2763 1092 2822 omnia
1125 2763 1158 2821 in

154 2849 314 2908 ulteriores
349 2847 443 2907 silvas
478 2847 643 2906 contulisse
650 2867 657 2922 3
698 2848 869 2926 complures
903 2867 970 2908 esse
1004 2849 1157 2927 principes

155 2935 227 2994 belli
250 2941 400 3008 auctores
425 2932 481 2992 sed
502 2933 726 2992 multitudinem
748 2935 877 2993 maxime
901 2933 1012 2993 Correo
1042 2935 1158 2993 obtem-

155 3041 276 3098 perare,
307 3018 388 3095 quod
422 3019 450 3077 ei
472 3038 587 3079 summo
622 3039 690 3079 esse
724 3020 793 3079 odio
825 3039 936 3078 nomen
968 3020 1074 3098 populi
1096 3020 1158 3079 Ro-

156 3107 238 3165 mani
265 3105 488 3164 intellexissent
495 3125 501 3179 ;
531 3105 637 3182 paucis
671 3113 741 3165 ante
770 3105 877 3164 diebus
912 3125 948 3164 ex
976 3106 1024 3164 his
1048 3106 1158 3165 castris

155 3192 337 3252 Atrebatem
360 3190 527 3250 Commium
539 3191 720 3251 discessisse
744 3190 783 3250 ad
806 3191 918 3250 auxilia
937 3190 1158 3252 Germanorum

156 3277 344 3352 adducenda,
368 3296 496 3351 quorum
518 3284 548 3336 et
569 3277 711 3338 vicinitas
732 3277 903 3356 propinqua
931 3284 963 3336 et
994 3277 1157 3338 multitudo

157 3370 240 3422 esset
273 3362 404 3436 infinita;
445 3363 641 3422 constituisse
675 3371 775 3423 autem
807 3363 990 3423 Bellovacos
1025 3365 1157 3423 omnium

155 3449 327 3527 principum
350 3467 510 3524 consensu,
534 3468 651 3508 summa
671 3449 771 3528 plebis
794 3449 970 3528 cupiditate,
995 3450 1030 3526 si,
1054 3456 1089 3509 ut
1112 3450 1156 3508 di·

157 3541 287 3609 ceretur,
312 3533 416 3593 Oaesar
449 3555 517 3594 cum
549 3535 648 3594 tribus
682 3535 853 3613 legionibus
886 3536 1014 3610 veniret,
1046 3533 1157 3595 offerre

156 3641 190 3681 se
214 3621 253 3680 ad
275 3619 488 3695 dimicandum,
510 3639 549 3679 ne
570 3621 726 3681 miseriore
749 3641 784 3680 ac
807 3621 927 3680 duriore
949 3628 1058 3698 postea
1087 3641 1157 3680 con-

157 3706 275 3765 dicione
299 3725 366 3764 cum
387 3712 452 3764 toto
476 3707 612 3766 exercitu
634 3707 791 3766 decertare
820 3712 1015 3784 cogerentur;
1047 3706 1074 3765 si
1095 3728 1157 3766 ma-

152 3792 238 3868 jores
273 3792 376 3870 copias
411 3791 585 3868 adduceret,
620 3793 651 3851 in
685 3813 719 3852 eo
748 3794 815 3852 loeo
844 3811 1036 3870 permanere,
1069 3812 1159 3869 quem

158 3877 359 3955 delegissent,
382 3877 577 3955 pabulatione
600 3886 710 3955 autem,
735 3898 801 3954 quae
831 3883 957 3956 propter
985 3879 1054 3937 anni
1082 3886 1159 3938 tem-
