2670 4456
558 247 678 303 LIBER
694 248 776 304 VIII.
1101 259 1161 318 177

163 450 242 502 runt.
290 443 407 514 Quibus
429 443 521 502 rebus
544 444 640 521 gestis
662 444 729 522 ipse
758 444 893 520 equitum
919 445 1063 522 praesidio
1085 447 1163 507 Nar·

164 530 275 588 bouem
297 529 455 607 profectus
478 536 540 604 est;
565 530 731 590 exereitum
759 550 815 608 per
843 531 961 607 legatos
983 533 1015 591 in
1036 533 1163 593 hiberna

162 615 303 689 deduxit3
328 622 470 691 quattuor
491 615 627 692 legiones
648 616 680 674 in
707 615 815 692 Belgio
839 616 1000 678 collocavit
1029 638 1098 678 cum
1119 621 1162 678 M.

161 702 295 760 Antonio
320 709 350 760 et
374 700 411 760 G.
424 702 574 761 Trebonio
599 709 629 760 et
639 703 674 760 P.
687 701 810 763 Vatinio
833 708 864 761 et
876 701 912 774 Q.
926 703 1024 763 Tullio
1037 705 1161 782 legatis;

164 787 256 845 duas‘
273 787 409 864 legiones
443 788 474 846 in
505 787 642 847 Haeduos
686 787 825 862 deduxit,
860 808 988 864 quorum
1019 790 1051 850 in
1085 793 1165 852 omni

165 873 266 932 Gallia
289 893 437 932 summam
460 892 528 932 osse
551 874 762 934 auctoritatem
784 873 915 948 sciebat;
945 874 1022 934 duas
1050 877 1081 935 in
1103 878 1163 936 Tu-

162 960 245 1018 ronis
276 958 316 1016 ad
342 957 419 1016 fines
443 957 608 1018 Carnutum
629 959 747 1037 posuit,
771 979 839 1034 quae
867 980 985 1019 ornnem
1006 962 1090 1021 illam
1116 984 1164 1024 re·

161 1045 292 1120 gionem,
316 1043 509 1120 conjunctam
531 1044 663 1121 Oceano,
693 1045 895 1120 continerent3
927 1046 1003 1105 duas
1030 1048 1164 1124 reliquas

162 1131 193 1189 in
215 1131 414 1190 Lemovicum
434 1128 545 1190 finibus
572 1151 633 1191 non
661 1131 750 1208 longe
778 1132 816 1190 ab
844 1131 1007 1208 Arvernis,
1037 1153 1075 1193 ne
1104 1155 1164 1210 qua

165 1237 237 1294 pars
251 1216 359 1275 Galliae
382 1234 481 1276 vacua
503 1217 541 1276 ab
565 1217 700 1276 exercitu
722 1223 813 1276 esset.
858 1218 977 1276 Paucos
1001 1218 1067 1279 dies
1094 1220 1161 1298 ipse

162 1303 194 1360 in
221 1302 380 1380 provincia
412 1310 547 1361 moratus
581 1324 673 1379 quum
702 1303 841 1363 celeriter
869 1323 972 1362 omnes
996 1313 1164 1366 conventus
1260 1329 1265 1339 ’

163 1388 415 1465 percucurrisset,
446 1388 584 1467 publicas
618 1389 841 1449 controversias
876 1397 1052 1467 cognosset,
1085 1393 1163 1452 bene

165 1474 282 1532 meritis
316 1473 442 1551 praemia
470 1474 629 1534 tribuisset
657 1474 874 1552 (cognoscendi
903 1476 983 1534 enim
1003 1478 1164 1538 maximam

162 1559 342 1618 facultatem
375 1560 524 1636 habebat,
565 1561 647 1635 quali
685 1561 813 1636 quisque
851 1559 962 1620 fuisset
999 1564 1098 1623 animo
1132 1565 1164 1624 in

165 1646 259 1704 totius
295 1645 403 1704 Galliae
442 1644 628 1721 defectione,
670 1667 760 1722 quam
793 1647 980 1707 sustinuerat
1017 1647 1163 1710 fidelitate

167 1738 258 1806 atque
293 1731 412 1790 auxiliis
439 1731 603 1809 provinciae
631 1731 734 1808 illius),
763 1732 811 1791 his
839 1732 987 1792 confectis
1010 1736 1102 1795 rebus
1125 1736 1165 1795 ad

166 1817 302 1894 legiones
331 1817 362 1875 in
384 1817 526 1894 Belgium
558 1837 591 1877 se
618 1819 734 1896 recepit
760 1819 992 1895 hibernavitque
1019 1821 1162 1881 Nemeto-

164 1923 277 1961 cennae.

248 1988 383 2048 XLVII.
417 1988 468 2046 Ibi
489 1990 646 2065 cognoscit
669 1988 834 2049 Commium
855 1989 1035 2051 Atrebatem
1056 1994 1162 2071 proelio

164 2094 232 2132 oum
256 2074 392 2149 equitatu
414 2094 469 2133 suo
492 2075 695 2134 contendisse.
740 2076 819 2136 Nam
843 2097 935 2152 quum
956 2077 1108 2139 Antonius
1131 2081 1163 2139 in

163 2160 290 2218 hiberna
311 2161 448 2220 venisset
477 2161 644 2236 civitasque
672 2162 854 2221 Atrebatum
882 2163 914 2221 in
947 2162 1047 2223 officio
1070 2173 1161 2242 esset,

166 2245 327 2320 Commius,
362 2247 413 2321 qui
445 2253 516 2324 post
547 2247 631 2305 illam
663 2248 911 2322 vulnerationem,
946 2268 1036 2323 quam
1069 2270 1163 2329 supra.

168 2332 415 2406 commemoravi,
450 2351 571 2409 semper
604 2332 642 2391 ad
676 2352 779 2392 omnes
812 2340 912 2392 motus
945 2342 1070 2411 paratus
1098 2337 1162 2396 suis

167 2417 285 2477 civibus
320 2437 388 2476 esse
411 2423 598 2493 oonsvesset,
628 2438 667 2476 ne
701 2418 827 2478 consilia
854 2419 928 2478 belli
956 2422 1162 2494 quaerentibus

166 2510 273 2561 auctor
295 2523 445 2561 armorum
468 2503 588 2579 duxque
612 2503 743 2580 deesset,
766 2511 892 2583 parente
913 2505 1059 2566 Romanis
1088 2509 1161 2568 civi·

164 2595 228 2647 tate
251 2609 319 2647 cum
343 2589 405 2647 suis
429 2590 581 2665 equitibus
603 2590 769 2673 latrociniis
793 2610 826 2650 se
844 2610 976 2665 suosque
994 2588 1096 2652 alebat
1116 2595 1161 2653 in-

164 2672 313 2750 festisque
347 2675 506 2734 itineribus
546 2684 730 2736 commeatus
770 2677 954 2754 complures,
996 2679 1048 2754 qui
1082 2700 1161 2739 com-

162 2761 364 2836 portabantur
384 2760 416 2818 in
437 2761 563 2821 hiberna
584 2763 800 2839 Romanorum,
822 2762 1043 2840 intercipiebat.

248 2846 401 2906 XLVIII.
424 2847 501 2906 Erat
518 2849 682 2908 attributus
693 2848 826 2908 Antonio
843 2848 1009 2926 praefectus
1027 2851 1162 2926 equitum

164 2930 201 2990 G.
213 2932 388 2991 Volusenus
413 2932 596 3009 Quadratus,
620 2935 673 3010 qui
695 2955 764 2993 oum
786 2955 821 2993 eo
843 2934 1025 2995 hibernaret.
1069 2937 1161 2996 Hunc

162 3017 314 3075 Antonius
349 3018 388 3076 ad
421 3020 666 3097 persequendum
698 3020 866 3095 equitatum
898 3020 1032 3079 hostium
1058 3023 1160 3082 mittit.

121 3164 123 3167 .
163 3101 338 3161 Volusenus
361 3103 400 3162 ad
423 3125 488 3164 eam
510 3105 663 3179 virtutem,
687 3125 755 3180 quae
778 3104 941 3183 singularis
970 3114 1035 3166 erat
1061 3108 1160 3185 ineo,

163 3207 306 3263 magnum
335 3189 436 3247 odium
470 3189 596 3248 Commii
629 3191 829 3268 adjungebat,
865 3211 924 3266 quo
957 3192 1100 3253 libentius
1128 3194 1162 3253 id

162 3272 289 3349 faceret,
325 3274 405 3348 quod
437 3275 652 3353 imperabatur.
708 3277 818 3352 Itaque
851 3277 1008 3355 dispositis
1041 3280 1160 3340 insidiis

164 3359 277 3435 saepius
312 3359 429 3435 equites
453 3361 519 3437 ejus
543 3381 707 3438 aggressus
725 3362 859 3422 secunda
886 3364 995 3441 proelia
1016 3364 1160 3425 faciebat.

162 3443 346 3519 Novissime,
381 3466 472 3521 quum
505 3448 714 3507 vehementius
747 3448 981 3508 contenderetur
1009 3470 1044 3509 ao
1066 3451 1160 3512 Volu-

165 3549 256 3588 senus
289 3530 386 3608 ipsius
423 3533 635 3611 intercipiendi
670 3532 795 3593 Commii
828 3535 994 3613 cupiditate
1026 3537 1160 3614 pertina-

163 3615 229 3674 cius
264 3636 332 3674 eum
354 3637 422 3676 cum
455 3620 561 3696 paucis
593 3620 749 3680 insecutus
772 3629 863 3697 esset,
891 3621 942 3679 ille
964 3628 1064 3680 autem
1085 3622 1161 3700 fuga

161 3701 333 3760 vehementi
343 3703 532 3763 Volusenum
558 3706 753 3783 produxisset
781 3707 916 3783 longius,
945 3706 1085 3766 inimicus
1106 3709 1160 3767 ho·

162 3787 235 3845 mini
257 3795 381 3864 repente
404 3809 527 3849 suorum
548 3792 671 3853 invocat
695 3791 788 3851 fidem
816 3799 907 3868 atque
936 3793 1093 3868 auxilium,
1121 3815 1161 3854 ne

163 3891 219 3930 sua
240 3874 376 3949 vulnera,
406 3896 462 3952 per
488 3875 579 3936 fidem
611 3878 767 3955 imposita,
800 3885 977 3956 paterentur
1003 3879 1160 3957 impunita,

163 3976 371 4033 conversoque
406 3980 482 4035 equo
517 3981 550 4021 se
573 3983 591 4020 a
624 3964 733 4022 ceteris
766 3963 917 4022 incautius
949 3966 1098 4042 permittit
1129 3967 1161 4026 in

162 4042 353 4120 praefectum.
397 4046 526 4106 Faciunt
547 4047 604 4108 hoc
626 4048 707 4108 idem
729 4069 833 4110 omnes
856 4048 923 4126 ejus
946 4052 1064 4125 equites
1086 4073 1160 4130 pau-

960 4147 1006 4198 Ὠ,
