2670 4456
543 237 664 293 LIBER
688 238 770 294 Vm.
1106 249 1164 308 171

164 455 219 495 nes
242 435 273 494 in
296 442 493 513 conspectum
514 434 648 495 hostium
670 434 804 494 veniunt.
850 433 969 506 Quibus
997 435 1074 496 visis
1097 457 1166 514 per-

165 522 259 581 culsae
275 522 475 581 barbarorum
491 527 600 580 turmae
620 540 655 579 ac
672 519 836 598 perterrita
847 520 929 581 acies
941 520 1085 597 hostiurn,
1097 543 1166 600 per-

164 608 287 667 turbato
306 607 591 686 impedimentorum
607 606 736 684 agmine,
759 626 868 683 magno
892 607 1025 667 clamore
1047 607 1165 668 discur-

165 712 262 769 suque
283 694 398 771 passim
419 692 502 771 fugae
526 712 560 752 se
582 692 736 751 mandant.
777 691 821 750 At
842 693 940 752 nostri
963 694 1091 770 equites,
1116 696 1167 771 qui

164 780 256 858 paulo
297 787 367 839 ente
401 799 469 838 cum
496 777 712 839 resistentibus
752 774 919 837 fortissime
957 777 1166 856 conflixerant,

163 866 271 925 laetitia
292 864 429 926 victoriae
458 865 543 939 elati,
573 884 684 941 magno
714 862 861 939 undique¹
881 864 1013 925 clamore
1044 867 1166 926 sublato

165 951 344 1011 cedentibus
367 949 554 1025 circumfusi,
577 956 724 1026 quantum
747 968 894 1025 equorum
922 951 1005 1010 vires
1035 950 1075 1010 ad
1096 972 1166 1030 per·

165 1037 352 1112 sequendum
374 1036 552 1113 dextraeque
575 1035 614 1095 ad
637 1034 815 1095 caedendum
837 1036 950 1111 valent,
980 1044 1100 1097 tantum
1131 1058 1167 1097 eo

162 1123 270 1201 proelio
303 1121 498 1182 interficiunt.
553 1122 664 1198 Itaque
697 1120 825 1199 emplius
858 1121 981 1181 milibus
1018 1122 1087 1183 XII
1115 1132 1168 1183 aut

164 1215 348 1268 armatorum
371 1216 423 1267 eut
445 1229 558 1283 acrum,
582 1207 634 1284 qui
656 1207 764 1266 timore
787 1227 871 1266 arma
895 1207 1099 1286 projecerant,
1121 1210 1167 1269 in-

163 1293 302 1354 terfectis
326 1295 422 1354 omnis
445 1293 606 1354 multitudo
630 1293 749 1370 capitur
770 1293 1063 1371 impedimentorum.

250 1380 356 1441 XXX.
409 1380 478 1452 Qua
508 1400 545 1440 ex
571 1379 648 1456 fuga
675 1399 768 1454 quum
797 1386 952 1439 constaret
978 1381 1169 1458 Drappetem

164 1465 315 1526 Senonem
349 1465 421 1542 (qui,
456 1473 491 1524 ut
522 1466 653 1544 primum
686 1463 843 1524 defecerat
878 1465 994 1540 Gallia,
1029 1467 1166 1527 collectis

163 1551 297 1628 undique
319 1551 449 1630 perditis
471 1551 655 1626 hominibus,
679 1550 777 1610 servis
800 1550 840 1609 ad
850 1551 1023 1613 libertatem
1036 1554 1164 1628 vocetis,

165 1639 305 1697 exulibus
334 1639 465 1697 omnium
494 1637 648 1698 civitatum
686 1636 806 1710 ascitis,
836 1638 968 1715 receptis
997 1638 1167 1698 latronibus

163 1723 379 1803 impedimenta
423 1732 454 1783 et
493 1730 680 1783 commeatus
712 1721 918 1781 Romanorum
951 1724 1167 1802 interceperat)

162 1830 223 1869 non
246 1810 374 1888 amplius
396 1810 551 1869 bominum
572 1808 695 1867 milibus
725 1828 763 1867 ex
784 1807 859 1885 fuga
880 1809 910 1868 V
939 1809 1075 1869 collectis
1097 1831 1167 1888 pro-

163 1896 295 1955 vinciam
316 1904 421 1974 petere
444 1916 565 1972 unaque
588 1894 747 1954 consilium
770 1914 838 1953 cum
861 1914 896 1953 eo
919 1894 1097 1955 Lucterium
1110 1895 1167 1955 Oa-

165 1981 292 2040 durcum
333 1982 452 2060 cepisse
495 1981 597 2058 (quem
631 1980 786 2059 superiore
820 1982 1036 2041 commentario
1070 1983 1168 2060 prima

163 2066 334 2127 defectione
348 2068 457 2127 Galbae
480 2067 583 2127 facere
604 2068 637 2126 in
658 2066 847 2144 provinciam
868 2067 1004 2127 voluisse
1021 2068 1168 2145 impetum

166 2153 320 2230 cognitum
348 2154 422 2230 est),
453 2153 597 2213 Caninius
625 2152 747 2230 legatus
776 2173 845 2212 cum
874 2153 1046 2230 legionibus
1069 2154 1105 2213 II
1128 2153 1168 2212 ad

165 2258 218 2298 eos
246 2240 476 2316 persequendos
505 2239 671 2313 contendit,
705 2258 744 2297 116
772 2239 954 2297 detrimento
984 2245 1037 2297 aut
1058 2239 1165 2298 timore

163 2325 330 2402 provinciae
353 2346 465 2402 magna
483 2324 609 2384 infamia
625 2323 814 2402 perditorum
834 2325 988 2383 hominum
999 2324 1166 2384 latrociniis

163 2418 331 2489 caperetur.

248 2497 372 2555 XXXI.
420 2497 456 2556 Gr.
480 2497 596 2556 Fabius
619 2515 687 2554 cum
709 2494 826 2569 reliquo
850 2496 986 2554 exercitu
1006 2493 1166 2555 1110611111-

162 2588 209 2640 tes
233 2591 412 2658 ceterasque
434 2582 639 2661 proficiscitur
662 2580 813 2655 civitates,
837 2601 965 2657 quarum
987 2601 1022 2640 ec
1045 2583 1164 2660 proelio,

163 2668 244 2742 quod
267 2689 335 2728 cum
356 2669 516 2729 Dumnaco
539 2667 667 2743 fecerat,
692 2667 795 2745 copias
814 2686 882 2726 esse
900 2668 1164 2742 accisassciebat;

164 2774 225 2812 non
248 2755 327 2813 enim
350 2755 519 2830 dubitabat,
543 2755 615 2830 quin
637 2754 753 2813 recenti
782 2754 954 2813 calamitate
981 2754 1166 2814 summissio-

161 2859 212 2898 res
235 2848 340 2899 essent
361 2840 483 2916 futurae,
508 2841 579 2900 dato
601 2860 674 2900 vero
698 2841 798 2917 spatio
822 2861 858 2901 ac
887 2848 1023 2917 tempore
1059 2840 1165 2899 eodem

162 2925 327 3002 instigante
338 2927 496 2986 Dumnaco
518 2933 646 3005 possent
669 2926 822 2986 concitari.
859 2925 927 2997 Qua
948 2926 1030 2985 inre
1050 2945 1167 2985 summa

163 3010 295 3071 felicitas
325 3013 526 3088 celeritasque
554 3012 587 3071 in
617 3011 801 3090 recipiendis
831 3011 1006 3072 civitatibus
1034 3011 1165 3071 Fabium

164 3098 368 3173 consequitur.
413 3099 493 3159 Nam
516 3097 676 3172 Carnutes
700 3097 752 3172 qui
775 3117 857 3176 saepe
879 3097 983 3157 vexati
1010 3116 1167 3173 nunquam

162 3183 249 3261 pacis
278 3183 417 3243 fecerant
444 3184 642 3257 mentionem,
677 3182 757 3243 datis
793 3183 951 3243 obsidibus
980 3183 1118 3243 veniunt
1134 3184 1167 3242 in

163 3269 356 3346 deditionem,
380 3280 551 3345 ceteraeque
574 3270 724 3343 civitates,
747 3269 856 3346 positae
878 3269 910 3327 in
928 3268 1044 3328 ultimis
1056 3268 1166 3328 Galliae

163 3353 283 3431 finibus,
308 3355 429 3415 Oceano
453 3356 640 3433 conjunctae,
670 3374 738 3431 quae
762 3355 931 3414 Armoricae
960 3355 1165 3433 appellantur,

164 3441 345 3500 auctoritate
373 3441 514 3501 adductae
539 3440 705 3500 Carnutum
727 3440 861 3500 adventu
882 3440 970 3500 Fabii
997 3441 1165 3518 legionum-

164 3546 223 3601 que
245 3527 394 3604 imperata
423 3528 489 3587 sine
512 3548 597 3587 mora
626 3526 752 3586 faciunt.
803 3526 982 3586 Dumnacus
1012 3527 1076 3584 suis
1098 3523 1165 3584 fini-

163 3613 222 3671 bus
245 3613 400 3692 expulsus,
425 3633 530 3673 errans
552 3613 737 3689 latitansque
766 3613 849 3672 solus
878 3621 1027 3672 extremas
1057 3610 1165 3670 Galliae

163 3698 305 3774 regiones
327 3706 432 3777 petere
456 3706 505 3759 est
527 3706 663 3759 coactus.

248 3784 391 3844 XXXII.
425 3785 468 3844 At
478 3784 621 3863 Drappes
643 3805 764 3860 unaque
776 3783 938 3843 Lucterius
956 3802 1049 3858 quum
1071 3782 1165 3860 legio-

164 3888 219 3928 nes
231 3869 449 3946 Caniniumque
472 3871 582 3930 adesse
605 3883 824 3947 cognoscerent
846 3888 903 3928 nec
931 3888 965 3928 se
994 3868 1060 3927 sine
1083 3876 1167 3927 certa

163 3955 297 4032 pernicie
324 3963 528 4034 persequente
559 3956 696 4015 exercitu
723 3962 867 4034 putarent
894 3953 1060 4032 provinciae
1089 3953 1166 4013 fines

163 4041 278 4100 intrare
304 4061 396 4120 posse
424 4062 480 4101 nec
505 4041 572 4119 jam
599 4041 694 4101 libere
724 4039 856 4118 vagandi
877 4039 1165 4117 latrociniorumque
