<?xml version="1.0" encoding="UTF-8"?>
<!DOCTYPE html PUBLIC "-//W3C//DTD XHTML 1.0 Transitional//EN"
    "http://www.w3.org/TR/xhtml1/DTD/xhtml1-transitional.dtd">
<html xmlns="http://www.w3.org/1999/xhtml" xml:lang="en" lang="en">
 <head>
  <title>
</title>
<meta http-equiv="Content-Type" content="text/html;charset=utf-8" />
  <meta name='ocr-system' content='tesseract 3.04.00' />
  <meta name='ocr-capabilities' content='ocr_page ocr_carea ocr_par ocr_line ocrx_word'/>
</head>
<body>
  <div class='ocr_page' id='page_1' title='image "./debellogallico00caesgoog_0178.png"; bbox 0 0 2670 4456; ppageno 0'>
   <div class='ocr_carea' id='block_1_1' title="bbox 553 240 1160 323">
    <p class='ocr_par' dir='ltr' id='par_1_1' title="bbox 553 240 1160 323">
     <span class='ocr_line' id='line_1_1' title="bbox 553 240 1160 323; baseline 0 -13"><span class='ocrx_word' id='word_1_1' title='bbox 553 255 674 310; x_wconf 77' lang='lat' dir='ltr'>LIBER</span> <span class='ocrx_word' id='word_1_2' title='bbox 691 256 757 310; x_wconf 84' lang='lat' dir='ltr'>VII.</span> <span class='ocrx_word' id='word_1_3' title='bbox 931 240 936 252; x_wconf 85' lang='lat'>&#39;</span> <span class='ocrx_word' id='word_1_4' title='bbox 1100 262 1160 323; x_wconf 74' lang='lat'>169</span> 
     </span>
    </p>
   </div>
   <div class='ocr_carea' id='block_1_2' title="bbox 106 450 1172 4031">
    <p class='ocr_par' dir='ltr' id='par_1_2' title="bbox 161 450 1168 2076">
     <span class='ocr_line' id='line_1_2' title="bbox 162 450 1164 528; baseline 0.002 -18"><span class='ocrx_word' id='word_1_5' title='bbox 162 450 266 510; x_wconf 84' lang='lat' dir='ltr'>resin</span> <span class='ocrx_word' id='word_1_6' title='bbox 294 458 399 528; x_wconf 89' lang='lat' dir='ltr'>partes</span> <span class='ocrx_word' id='word_1_7' title='bbox 427 451 592 511; x_wconf 84' lang='lat' dir='ltr'>exercitum</span> <span class='ocrx_word' id='word_1_8' title='bbox 620 451 771 511; x_wconf 73' lang='lat' dir='ltr'>dimittere</span> <span class='ocrx_word' id='word_1_9' title='bbox 801 451 972 526; x_wconf 86' lang='lat' dir='ltr'>constituit;</span> <span class='ocrx_word' id='word_1_10' title='bbox 1002 453 1044 512; x_wconf 91' lang='lat' dir='ltr'>M.</span> <span class='ocrx_word' id='word_1_11' title='bbox 1067 452 1164 512; x_wconf 89' lang='lat' dir='ltr'>Anto·</span> 
     </span>
     <span class='ocr_line' id='line_1_3' title="bbox 162 532 1164 616; baseline 0.003 -20"><span class='ocrx_word' id='word_1_12' title='bbox 162 539 244 596; x_wconf 85' lang='lat' dir='ltr'>nium</span> <span class='ocrx_word' id='word_1_13' title='bbox 267 544 450 612; x_wconf 72' lang='lat' dir='ltr'>quaestorem</span> <span class='ocrx_word' id='word_1_14' title='bbox 474 557 542 596; x_wconf 85' lang='lat' dir='ltr'>cum</span> <span class='ocrx_word' id='word_1_15' title='bbox 564 536 684 615; x_wconf 85' lang='lat' dir='ltr'>legione</span> <span class='ocrx_word' id='word_1_16' title='bbox 695 537 773 597; x_wconf 89' lang='lat' dir='ltr'>XII.</span> <span class='ocrx_word' id='word_1_17' title='bbox 787 537 846 597; x_wconf 88' lang='lat' dir='ltr'>sibi</span> <span class='ocrx_word' id='word_1_18' title='bbox 858 532 1030 616; x_wconf 86' lang='lat' dir='ltr'>conjungit;</span> <span class='ocrx_word' id='word_1_19' title='bbox 1055 538 1164 599; x_wconf 76' lang='grc'>(1.1’1-</span> 
     </span>
     <span class='ocr_line' id='line_1_4' title="bbox 161 621 1164 701; baseline 0.001 -18"><span class='ocrx_word' id='word_1_20' title='bbox 161 624 244 683; x_wconf 90' lang='lat' dir='ltr'>bium</span> <span class='ocrx_word' id='word_1_21' title='bbox 266 624 402 701; x_wconf 89' lang='lat' dir='ltr'>legatum</span> <span class='ocrx_word' id='word_1_22' title='bbox 426 643 495 682; x_wconf 87' lang='lat' dir='ltr'>cum</span> <span class='ocrx_word' id='word_1_23' title='bbox 518 621 694 683; x_wconf 84' lang='lat' dir='ltr'>cohortibus</span> <span class='ocrx_word' id='word_1_24' title='bbox 711 623 806 684; x_wconf 88' lang='lat' dir='ltr'>XXV</span> <span class='ocrx_word' id='word_1_25' title='bbox 822 623 917 683; x_wconf 89' lang='lat' dir='ltr'>mittit</span> <span class='ocrx_word' id='word_1_26' title='bbox 937 623 969 683; x_wconf 91' lang='lat' dir='ltr'>in</span> <span class='ocrx_word' id='word_1_27' title='bbox 992 624 1164 685; x_wconf 87' lang='lat' dir='ltr'>diversissi-</span> 
     </span>
     <span class='ocr_line' id='line_1_5' title="bbox 161 708 1164 787; baseline 0.002 -19"><span class='ocrx_word' id='word_1_28' title='bbox 161 731 242 769; x_wconf 88' lang='lat' dir='ltr'>mam</span> <span class='ocrx_word' id='word_1_29' title='bbox 252 715 371 787; x_wconf 88' lang='lat' dir='ltr'>partem</span> <span class='ocrx_word' id='word_1_30' title='bbox 384 708 501 784; x_wconf 80' lang='lat' dir='ltr'>Galliae,</span> <span class='ocrx_word' id='word_1_31' title='bbox 526 709 607 785; x_wconf 92' lang='lat' dir='ltr'>quod</span> <span class='ocrx_word' id='word_1_32' title='bbox 628 709 672 768; x_wconf 93' lang='lat' dir='ltr'>ibi</span> <span class='ocrx_word' id='word_1_33' title='bbox 690 708 838 785; x_wconf 89' lang='lat' dir='ltr'>quasdam</span> <span class='ocrx_word' id='word_1_34' title='bbox 856 709 997 771; x_wconf 88' lang='lat' dir='ltr'>civitates</span> <span class='ocrx_word' id='word_1_35' title='bbox 1019 710 1050 769; x_wconf 92' lang='lat' dir='ltr'>in</span> <span class='ocrx_word' id='word_1_36' title='bbox 1073 711 1164 771; x_wconf 87' lang='lat' dir='ltr'>armis</span> 
     </span>
     <span class='ocr_line' id='line_1_6' title="bbox 163 794 1164 874; baseline 0 -19"><span class='ocrx_word' id='word_1_37' title='bbox 163 816 232 856; x_wconf 91' lang='lat' dir='ltr'>esse</span> <span class='ocrx_word' id='word_1_38' title='bbox 255 795 408 871; x_wconf 82' lang='lat' dir='ltr'>audiebat,</span> <span class='ocrx_word' id='word_1_39' title='bbox 431 814 530 871; x_wconf 89' lang='lat' dir='ltr'>neque</span> <span class='ocrx_word' id='word_1_40' title='bbox 554 794 591 853; x_wconf 78' lang='lat' dir='ltr'>G.</span> <span class='ocrx_word' id='word_1_41' title='bbox 606 794 765 855; x_wconf 82' lang='lat' dir='ltr'>Caninium</span> <span class='ocrx_word' id='word_1_42' title='bbox 782 795 926 854; x_wconf 88' lang='lat' dir='ltr'>Rebilum</span> <span class='ocrx_word' id='word_1_43' title='bbox 943 795 1088 874; x_wconf 86' lang='lat' dir='ltr'>legatum,</span> <span class='ocrx_word' id='word_1_44' title='bbox 1112 797 1164 873; x_wconf 92' lang='lat' dir='ltr'>qui</span> 
     </span>
     <span class='ocr_line' id='line_1_7' title="bbox 162 880 1165 959; baseline 0 -18"><span class='ocrx_word' id='word_1_45' title='bbox 162 881 278 941; x_wconf 89' lang='lat' dir='ltr'>inillis</span> <span class='ocrx_word' id='word_1_46' title='bbox 306 880 484 958; x_wconf 83' lang='lat' dir='ltr'>regionibus</span> <span class='ocrx_word' id='word_1_47' title='bbox 515 888 591 957; x_wconf 91' lang='lat' dir='ltr'>erat,</span> <span class='ocrx_word' id='word_1_48' title='bbox 621 881 697 941; x_wconf 89' lang='lat' dir='ltr'>satis</span> <span class='ocrx_word' id='word_1_49' title='bbox 719 880 822 941; x_wconf 87' lang='lat' dir='ltr'>firmas</span> <span class='ocrx_word' id='word_1_50' title='bbox 851 881 927 940; x_wconf 89' lang='lat' dir='ltr'>duas</span> <span class='ocrx_word' id='word_1_51' title='bbox 955 882 1091 959; x_wconf 86' lang='lat' dir='ltr'>legiones</span> <span class='ocrx_word' id='word_1_52' title='bbox 1113 883 1165 942; x_wconf 88' lang='lat' dir='ltr'>ha-</span> 
     </span>
     <span class='ocr_line' id='line_1_8' title="bbox 161 966 1165 1046; baseline 0.001 -20"><span class='ocrx_word' id='word_1_53' title='bbox 161 969 234 1027; x_wconf 90' lang='lat' dir='ltr'>bere</span> <span class='ocrx_word' id='word_1_54' title='bbox 258 966 462 1026; x_wconf 85' lang='lat' dir='ltr'>existimabat.</span> <span class='ocrx_word' id='word_1_55' title='bbox 507 966 542 1025; x_wconf 83' lang='grc' dir='ltr'>Τ.</span> <span class='ocrx_word' id='word_1_56' title='bbox 556 967 725 1026; x_wconf 83' lang='lat' dir='ltr'>Labienum</span> <span class='ocrx_word' id='word_1_57' title='bbox 748 967 787 1026; x_wconf 90' lang='lat' dir='ltr'>ad</span> <span class='ocrx_word' id='word_1_58' title='bbox 810 986 844 1026; x_wconf 91' lang='lat' dir='ltr'>se</span> <span class='ocrx_word' id='word_1_59' title='bbox 867 973 985 1044; x_wconf 89' lang='lat' dir='ltr'>evocat,</span> <span class='ocrx_word' id='word_1_60' title='bbox 1014 968 1165 1046; x_wconf 79' lang='lat' dir='ltr'>legionem</span> 
     </span>
     <span class='ocr_line' id='line_1_9' title="bbox 163 1052 1166 1130; baseline 0 -17"><span class='ocrx_word' id='word_1_61' title='bbox 163 1059 264 1113; x_wconf 88' lang='lat' dir='ltr'>autem</span> <span class='ocrx_word' id='word_1_62' title='bbox 285 1052 367 1128; x_wconf 76' lang='lat' dir='ltr'>XV,</span> <span class='ocrx_word' id='word_1_63' title='bbox 391 1072 459 1129; x_wconf 88' lang='lat' dir='ltr'>quae</span> <span class='ocrx_word' id='word_1_64' title='bbox 482 1071 550 1111; x_wconf 88' lang='lat' dir='ltr'>cum</span> <span class='ocrx_word' id='word_1_65' title='bbox 573 1072 608 1112; x_wconf 91' lang='lat' dir='ltr'>eo</span> <span class='ocrx_word' id='word_1_66' title='bbox 631 1052 732 1112; x_wconf 88' lang='lat' dir='ltr'>fuerat</span> <span class='ocrx_word' id='word_1_67' title='bbox 753 1053 785 1113; x_wconf 93' lang='lat' dir='ltr'>in</span> <span class='ocrx_word' id='word_1_68' title='bbox 806 1053 951 1129; x_wconf 88' lang='lat' dir='ltr'>hibernis,</span> <span class='ocrx_word' id='word_1_69' title='bbox 974 1053 1166 1130; x_wconf 73' lang='lat' dir='ltr'>mTogatam</span> 
     </span>
     <span class='ocr_line' id='line_1_10' title="bbox 165 1137 1165 1216; baseline 0 -17"><span class='ocrx_word' id='word_1_70' title='bbox 165 1138 295 1199; x_wconf 82' lang='lat' dir='ltr'>Galliam</span> <span class='ocrx_word' id='word_1_71' title='bbox 317 1138 411 1197; x_wconf 92' lang='lat' dir='ltr'>mittit</span> <span class='ocrx_word' id='word_1_72' title='bbox 433 1137 472 1196; x_wconf 92' lang='lat' dir='ltr'>ad</span> <span class='ocrx_word' id='word_1_73' title='bbox 500 1138 634 1198; x_wconf 88' lang='lat' dir='ltr'>colonias</span> <span class='ocrx_word' id='word_1_74' title='bbox 663 1139 774 1201; x_wconf 87' lang='lat' dir='ltr'>civium</span> <span class='ocrx_word' id='word_1_75' title='bbox 798 1139 1003 1199; x_wconf 85' lang='lat' dir='ltr'>Romanorum</span> <span class='ocrx_word' id='word_1_76' title='bbox 1024 1139 1165 1216; x_wconf 89' lang='lat' dir='ltr'>tuendas,</span> 
     </span>
     <span class='ocr_line' id='line_1_11' title="bbox 164 1223 1165 1300; baseline 0.001 -16"><span class='ocrx_word' id='word_1_77' title='bbox 164 1223 307 1300; x_wconf 87' lang='lat' dir='ltr'>nequod</span> <span class='ocrx_word' id='word_1_78' title='bbox 336 1223 433 1283; x_wconf 90' lang='lat' dir='ltr'>simile</span> <span class='ocrx_word' id='word_1_79' title='bbox 461 1224 684 1284; x_wconf 88' lang='lat' dir='ltr'>incommodum</span> <span class='ocrx_word' id='word_1_80' title='bbox 712 1225 866 1285; x_wconf 88' lang='lat' dir='ltr'>accideret</span> <span class='ocrx_word' id='word_1_81' title='bbox 893 1225 1074 1285; x_wconf 81' lang='lat' dir='ltr'>decursione</span> <span class='ocrx_word' id='word_1_82' title='bbox 1096 1227 1165 1285; x_wconf 90' lang='lat' dir='ltr'>bar·</span> 
     </span>
     <span class='ocr_line' id='line_1_12' title="bbox 162 1311 1167 1388; baseline 0 -18"><span class='ocrx_word' id='word_1_83' title='bbox 162 1313 316 1384; x_wconf 80' lang='lat' dir='ltr'>baronum,</span> <span class='ocrx_word' id='word_1_84' title='bbox 341 1330 376 1369; x_wconf 89' lang='lat' dir='ltr'>ao</span> <span class='ocrx_word' id='word_1_85' title='bbox 400 1311 556 1388; x_wconf 89' lang='lat' dir='ltr'>superiore</span> <span class='ocrx_word' id='word_1_86' title='bbox 579 1318 686 1370; x_wconf 89' lang='lat' dir='ltr'>aestate</span> <span class='ocrx_word' id='word_1_87' title='bbox 709 1311 897 1388; x_wconf 81' lang='lat' dir='ltr'>Tergestinis</span> <span class='ocrx_word' id='word_1_88' title='bbox 921 1311 1084 1386; x_wconf 89' lang='lat' dir='ltr'>acciderat,</span> <span class='ocrx_word' id='word_1_89' title='bbox 1115 1312 1167 1387; x_wconf 93' lang='lat' dir='ltr'>qui</span> 
     </span>
     <span class='ocr_line' id='line_1_13' title="bbox 164 1395 1165 1476; baseline 0.002 -21"><span class='ocrx_word' id='word_1_90' title='bbox 164 1397 323 1475; x_wconf 88' lang='lat' dir='ltr'>repentino</span> <span class='ocrx_word' id='word_1_91' title='bbox 359 1395 518 1455; x_wconf 90' lang='lat' dir='ltr'>latrocinio</span> <span class='ocrx_word' id='word_1_92' title='bbox 553 1403 644 1472; x_wconf 91' lang='lat' dir='ltr'>atque</span> <span class='ocrx_word' id='word_1_93' title='bbox 676 1397 792 1474; x_wconf 87' lang='lat' dir='ltr'>impetu</span> <span class='ocrx_word' id='word_1_94' title='bbox 820 1397 970 1456; x_wconf 87' lang='lat' dir='ltr'>Istrorum</span> <span class='ocrx_word' id='word_1_95' title='bbox 998 1404 1086 1456; x_wconf 86' lang='lat' dir='ltr'>erant</span> <span class='ocrx_word' id='word_1_96' title='bbox 1114 1418 1165 1476; x_wconf 94' lang='lat' dir='ltr'>op-</span> 
     </span>
     <span class='ocr_line' id='line_1_14' title="bbox 163 1481 1166 1561; baseline 0.001 -20"><span class='ocrx_word' id='word_1_97' title='bbox 163 1483 272 1561; x_wconf 89' lang='lat' dir='ltr'>pressi</span> <span class='ocrx_word' id='word_1_98' title='bbox 318 1482 392 1560; x_wconf 91' lang='lat' dir='ltr'>Ipse</span> <span class='ocrx_word' id='word_1_99' title='bbox 416 1481 455 1540; x_wconf 88' lang='lat' dir='ltr'>ad</span> <span class='ocrx_word' id='word_1_100' title='bbox 476 1482 644 1541; x_wconf 89' lang='lat' dir='ltr'>vastandos</span> <span class='ocrx_word' id='word_1_101' title='bbox 674 1482 964 1561; x_wconf 80' lang='lat' dir='ltr'>depopulandosque</span> <span class='ocrx_word' id='word_1_102' title='bbox 992 1481 1070 1542; x_wconf 89' lang='lat' dir='ltr'>fines</span> <span class='ocrx_word' id='word_1_103' title='bbox 1092 1483 1166 1542; x_wconf 89' lang='lat' dir='ltr'>Am·</span> 
     </span>
     <span class='ocr_line' id='line_1_15' title="bbox 163 1565 1167 1666; baseline 0.002 -39"><span class='ocrx_word' id='word_1_104' title='bbox 163 1568 290 1645; x_wconf 88' lang='lat' dir='ltr'>biorigis</span> <span class='ocrx_word' id='word_1_105' title='bbox 323 1565 555 1666; x_wconf 22' lang='lat' dir='ltr'>proficiscitur&amp;</span> <span class='ocrx_word' id='word_1_106' title='bbox 573 1588 662 1643; x_wconf 89' lang='lat' dir='ltr'>quem</span> <span class='ocrx_word' id='word_1_107' title='bbox 694 1568 889 1647; x_wconf 88' lang='lat' dir='ltr'>perterritum</span> <span class='ocrx_word' id='word_1_108' title='bbox 930 1589 965 1628; x_wconf 82' lang='lat' dir='ltr'>ac</span> <span class='ocrx_word' id='word_1_109' title='bbox 999 1567 1167 1646; x_wconf 83' lang='lat' dir='ltr'>fugientem</span> 
     </span>
     <span class='ocr_line' id='line_1_16' title="bbox 165 1653 1166 1752; baseline 0.002 -40"><span class='ocrx_word' id='word_1_110' title='bbox 165 1675 258 1752; x_wconf 83' lang='lat' dir='ltr'>quum</span> <span class='ocrx_word' id='word_1_111' title='bbox 291 1653 389 1731; x_wconf 84' lang='lat' dir='ltr'>redigi</span> <span class='ocrx_word' id='word_1_112' title='bbox 422 1673 514 1731; x_wconf 86' lang='lat' dir='ltr'>posse</span> <span class='ocrx_word' id='word_1_113' title='bbox 547 1653 578 1712; x_wconf 92' lang='lat' dir='ltr'>in</span> <span class='ocrx_word' id='word_1_114' title='bbox 618 1674 705 1713; x_wconf 93' lang='lat' dir='ltr'>suam</span> <span class='ocrx_word' id='word_1_115' title='bbox 742 1662 927 1732; x_wconf 87' lang='lat' dir='ltr'>potestatem</span> <span class='ocrx_word' id='word_1_116' title='bbox 961 1654 1166 1732; x_wconf 82' lang='lat' dir='ltr'>desperasset,</span> 
     </span>
     <span class='ocr_line' id='line_1_17' title="bbox 164 1738 1168 1818; baseline 0.002 -20"><span class='ocrx_word' id='word_1_117' title='bbox 164 1740 335 1817; x_wconf 86' lang='lat' dir='ltr'>proximum</span> <span class='ocrx_word' id='word_1_118' title='bbox 369 1759 433 1798; x_wconf 91' lang='lat' dir='ltr'>suae</span> <span class='ocrx_word' id='word_1_119' title='bbox 463 1738 620 1816; x_wconf 86' lang='lat' dir='ltr'>dignitatis</span> <span class='ocrx_word' id='word_1_120' title='bbox 651 1758 719 1799; x_wconf 89' lang='lat' dir='ltr'>esse</span> <span class='ocrx_word' id='word_1_121' title='bbox 748 1740 881 1800; x_wconf 87' lang='lat' dir='ltr'>ducebat</span> <span class='ocrx_word' id='word_1_122' title='bbox 902 1740 978 1800; x_wconf 88' lang='lat' dir='ltr'>adeo</span> <span class='ocrx_word' id='word_1_123' title='bbox 999 1739 1077 1800; x_wconf 90' lang='lat' dir='ltr'>fines</span> <span class='ocrx_word' id='word_1_124' title='bbox 1100 1741 1168 1818; x_wconf 85' lang='lat' dir='ltr'>ejus</span> 
     </span>
     <span class='ocr_line' id='line_1_18' title="bbox 163 1825 1166 1904; baseline 0 -18"><span class='ocrx_word' id='word_1_125' title='bbox 163 1832 286 1886; x_wconf 89' lang='lat' dir='ltr'>vastare</span> <span class='ocrx_word' id='word_1_126' title='bbox 310 1825 438 1900; x_wconf 86' lang='lat' dir='ltr'>civibus,</span> <span class='ocrx_word' id='word_1_127' title='bbox 463 1825 610 1901; x_wconf 89' lang='lat' dir='ltr'>aedificiis,</span> <span class='ocrx_word' id='word_1_128' title='bbox 633 1846 760 1904; x_wconf 89' lang='lat' dir='ltr'>pecore,</span> <span class='ocrx_word' id='word_1_129' title='bbox 791 1832 826 1885; x_wconf 85' lang='lat' dir='ltr'>ut</span> <span class='ocrx_word' id='word_1_130' title='bbox 813 1827 922 1886; x_wconf 85' lang='lat' dir='ltr'>todia</span> <span class='ocrx_word' id='word_1_131' title='bbox 946 1845 1070 1886; x_wconf 90' lang='lat' dir='ltr'>suorum</span> <span class='ocrx_word' id='word_1_132' title='bbox 1093 1827 1166 1886; x_wconf 88' lang='lat' dir='ltr'>Am-</span> 
     </span>
     <span class='ocr_line' id='line_1_19' title="bbox 164 1910 1168 1988; baseline 0.002 -18"><span class='ocrx_word' id='word_1_133' title='bbox 164 1912 271 1987; x_wconf 85' lang='lat' dir='ltr'>biorix,</span> <span class='ocrx_word' id='word_1_134' title='bbox 297 1912 323 1971; x_wconf 93' lang='lat' dir='ltr'>si</span> <span class='ocrx_word' id='word_1_135' title='bbox 346 1931 422 1986; x_wconf 92' lang='lat' dir='ltr'>quos</span> <span class='ocrx_word' id='word_1_136' title='bbox 444 1910 568 1970; x_wconf 87' lang='lat' dir='ltr'>fortuna</span> <span class='ocrx_word' id='word_1_137' title='bbox 589 1912 723 1988; x_wconf 88' lang='lat' dir='ltr'>reliquos</span> <span class='ocrx_word' id='word_1_138' title='bbox 745 1911 881 1988; x_wconf 81' lang='lat' dir='ltr'>fecisset,</span> <span class='ocrx_word' id='word_1_139' title='bbox 904 1913 1020 1971; x_wconf 90' lang='lat' dir='ltr'>nullum</span> <span class='ocrx_word' id='word_1_140' title='bbox 1037 1913 1168 1972; x_wconf 89' lang='lat' dir='ltr'>reditum</span> 
     </span>
     <span class='ocr_line' id='line_1_20' title="bbox 164 1998 1018 2076; baseline 0.002 -20"><span class='ocrx_word' id='word_1_141' title='bbox 164 2005 291 2076; x_wconf 90' lang='lat' dir='ltr'>propter</span> <span class='ocrx_word' id='word_1_142' title='bbox 313 2004 416 2056; x_wconf 89' lang='lat' dir='ltr'>tantas</span> <span class='ocrx_word' id='word_1_143' title='bbox 439 1998 628 2057; x_wconf 83' lang='lat' dir='ltr'>calamitates</span> <span class='ocrx_word' id='word_1_144' title='bbox 651 1999 778 2058; x_wconf 88' lang='lat' dir='ltr'>haberet</span> <span class='ocrx_word' id='word_1_145' title='bbox 799 1999 831 2057; x_wconf 90' lang='lat' dir='ltr'>in</span> <span class='ocrx_word' id='word_1_146' title='bbox 854 1998 1018 2058; x_wconf 85' lang='lat' dir='ltr'>civitatem.</span> 
     </span>
    </p>

    <p class='ocr_par' dir='ltr' id='par_1_3' title="bbox 164 2082 1169 2760">
     <span class='ocr_line' id='line_1_21' title="bbox 251 2082 1166 2163; baseline 0.002 -21"><span class='ocrx_word' id='word_1_147' title='bbox 251 2083 354 2143; x_wconf 89' lang='lat' dir='ltr'>XXV.</span> <span class='ocrx_word' id='word_1_148' title='bbox 401 2082 501 2154; x_wconf 81' lang='lat' dir='ltr'>Quum</span> <span class='ocrx_word' id='word_1_149' title='bbox 523 2085 555 2142; x_wconf 92' lang='lat' dir='ltr'>in</span> <span class='ocrx_word' id='word_1_150' title='bbox 583 2104 687 2143; x_wconf 89' lang='lat' dir='ltr'>omnes</span> <span class='ocrx_word' id='word_1_151' title='bbox 717 2092 822 2163; x_wconf 88' lang='lat' dir='ltr'>partes</span> <span class='ocrx_word' id='word_1_152' title='bbox 845 2083 950 2144; x_wconf 90' lang='lat' dir='ltr'>finium</span> <span class='ocrx_word' id='word_1_153' title='bbox 977 2084 1166 2162; x_wconf 86' lang='lat' dir='ltr'>Ambiorigis</span> 
     </span>
     <span class='ocr_line' id='line_1_22' title="bbox 166 2169 1167 2247; baseline 0 -19"><span class='ocrx_word' id='word_1_154' title='bbox 166 2176 219 2229; x_wconf 90' lang='lat' dir='ltr'>aut</span> <span class='ocrx_word' id='word_1_155' title='bbox 246 2169 381 2246; x_wconf 87' lang='lat' dir='ltr'>legiones</span> <span class='ocrx_word' id='word_1_156' title='bbox 416 2176 468 2228; x_wconf 88' lang='lat' dir='ltr'>aut</span> <span class='ocrx_word' id='word_1_157' title='bbox 496 2170 609 2229; x_wconf 88' lang='lat' dir='ltr'>auxilia</span> <span class='ocrx_word' id='word_1_158' title='bbox 638 2170 805 2230; x_wconf 89' lang='lat' dir='ltr'>dimisisset</span> <span class='ocrx_word' id='word_1_159' title='bbox 833 2178 924 2247; x_wconf 91' lang='lat' dir='ltr'>atque</span> <span class='ocrx_word' id='word_1_160' title='bbox 954 2170 1054 2229; x_wconf 90' lang='lat' dir='ltr'>omnia</span> <span class='ocrx_word' id='word_1_161' title='bbox 1077 2169 1167 2228; x_wconf 85' lang='lat' dir='ltr'>caedi-</span> 
     </span>
     <span class='ocr_line' id='line_1_23' title="bbox 164 2254 1168 2333; baseline -0.001 -18"><span class='ocrx_word' id='word_1_162' title='bbox 164 2257 233 2331; x_wconf 92' lang='lat' dir='ltr'>bus,</span> <span class='ocrx_word' id='word_1_163' title='bbox 257 2254 415 2330; x_wconf 85' lang='lat' dir='ltr'>incendiis,</span> <span class='ocrx_word' id='word_1_164' title='bbox 438 2256 554 2333; x_wconf 91' lang='lat' dir='ltr'>rapinis</span> <span class='ocrx_word' id='word_1_165' title='bbox 573 2262 727 2316; x_wconf 88' lang='lat' dir='ltr'>vastasset</span> <span class='ocrx_word' id='word_1_166' title='bbox 744 2275 854 2332; x_wconf 87' lang='lat' dir='ltr'>magno</span> <span class='ocrx_word' id='word_1_167' title='bbox 871 2275 995 2316; x_wconf 87' lang='lat' dir='ltr'>numero</span> <span class='ocrx_word' id='word_1_168' title='bbox 1013 2256 1168 2314; x_wconf 89' lang='lat' dir='ltr'>hominurn</span> 
     </span>
     <span class='ocr_line' id='line_1_24' title="bbox 165 2340 1168 2418; baseline 0.001 -18"><span class='ocrx_word' id='word_1_169' title='bbox 165 2340 327 2400; x_wconf 88' lang='lat' dir='ltr'>interfecto</span> <span class='ocrx_word' id='word_1_170' title='bbox 351 2348 404 2399; x_wconf 92' lang='lat' dir='ltr'>aut</span> <span class='ocrx_word' id='word_1_171' title='bbox 434 2348 534 2418; x_wconf 87' lang='lat' dir='ltr'>capto,</span> <span class='ocrx_word' id='word_1_172' title='bbox 564 2340 735 2399; x_wconf 91' lang='lat' dir='ltr'>Labienum</span> <span class='ocrx_word' id='word_1_173' title='bbox 765 2362 833 2400; x_wconf 89' lang='lat' dir='ltr'>oum</span> <span class='ocrx_word' id='word_1_174' title='bbox 855 2341 975 2401; x_wconf 89' lang='lat' dir='ltr'>duabus</span> <span class='ocrx_word' id='word_1_175' title='bbox 996 2341 1168 2418; x_wconf 88' lang='lat' dir='ltr'>legionibus</span> 
     </span>
     <span class='ocr_line' id='line_1_25' title="bbox 165 2426 1168 2505; baseline -0.001 -19"><span class='ocrx_word' id='word_1_176' title='bbox 165 2428 197 2486; x_wconf 87' lang='lat' dir='ltr'>in</span> <span class='ocrx_word' id='word_1_177' title='bbox 230 2427 373 2486; x_wconf 82' lang='lat' dir='ltr'>Treviros</span> <span class='ocrx_word' id='word_1_178' title='bbox 403 2427 505 2502; x_wconf 88' lang='lat' dir='ltr'>mittit,</span> <span class='ocrx_word' id='word_1_179' title='bbox 541 2446 668 2501; x_wconf 89' lang='lat' dir='ltr'>quorum</span> <span class='ocrx_word' id='word_1_180' title='bbox 702 2427 811 2487; x_wconf 87' lang='lat' dir='ltr'>civitas</span> <span class='ocrx_word' id='word_1_181' title='bbox 841 2434 967 2505; x_wconf 89' lang='lat' dir='ltr'>propter</span> <span class='ocrx_word' id='word_1_182' title='bbox 997 2426 1168 2487; x_wconf 77' lang='lat' dir='ltr'>Germaniae</span> 
     </span>
     <span class='ocr_line' id='line_1_26' title="bbox 166 2511 1169 2587; baseline -0.001 -14"><span class='ocrx_word' id='word_1_183' title='bbox 166 2513 353 2573; x_wconf 88' lang='lat' dir='ltr'>vicinitatem</span> <span class='ocrx_word' id='word_1_184' title='bbox 375 2512 559 2587; x_wconf 89' lang='lat' dir='ltr'>quotidianis</span> <span class='ocrx_word' id='word_1_185' title='bbox 589 2513 721 2572; x_wconf 86' lang='lat' dir='ltr'>exercita</span> <span class='ocrx_word' id='word_1_186' title='bbox 749 2513 839 2572; x_wconf 89' lang='lat' dir='ltr'>bellis</span> <span class='ocrx_word' id='word_1_187' title='bbox 875 2513 960 2572; x_wconf 87' lang='lat' dir='ltr'>cultu</span> <span class='ocrx_word' id='word_1_188' title='bbox 988 2520 1019 2572; x_wconf 90' lang='lat' dir='ltr'>et</span> <span class='ocrx_word' id='word_1_189' title='bbox 1045 2511 1169 2572; x_wconf 84' lang='lat' dir='ltr'>feritate</span> 
     </span>
     <span class='ocr_line' id='line_1_27' title="bbox 165 2597 1168 2676; baseline 0 -19"><span class='ocrx_word' id='word_1_190' title='bbox 165 2619 227 2658; x_wconf 92' lang='lat' dir='ltr'>non</span> <span class='ocrx_word' id='word_1_191' title='bbox 248 2599 377 2657; x_wconf 90' lang='lat' dir='ltr'>multum</span> <span class='ocrx_word' id='word_1_192' title='bbox 400 2619 418 2657; x_wconf 91' lang='lat' dir='ltr'>a</span> <span class='ocrx_word' id='word_1_193' title='bbox 441 2598 602 2658; x_wconf 81' lang='lat' dir='ltr'>Germanis</span> <span class='ocrx_word' id='word_1_194' title='bbox 626 2597 790 2663; x_wconf 83' lang='lat' dir='ltr'>differebat</span> <span class='ocrx_word' id='word_1_195' title='bbox 818 2618 918 2675; x_wconf 90' lang='lat' dir='ltr'>neque</span> <span class='ocrx_word' id='word_1_196' title='bbox 944 2598 1093 2676; x_wconf 89' lang='lat' dir='ltr'>imperata</span> <span class='ocrx_word' id='word_1_197' title='bbox 1113 2619 1168 2657; x_wconf 92' lang='lat' dir='ltr'>un·</span> 
     </span>
     <span class='ocr_line' id='line_1_28' title="bbox 167 2683 789 2760; baseline 0 -17"><span class='ocrx_word' id='word_1_198' title='bbox 167 2705 258 2760; x_wconf 91' lang='lat' dir='ltr'>quam</span> <span class='ocrx_word' id='word_1_199' title='bbox 279 2684 338 2743; x_wconf 90' lang='lat' dir='ltr'>nisi</span> <span class='ocrx_word' id='word_1_200' title='bbox 361 2685 495 2743; x_wconf 87' lang='lat' dir='ltr'>exercitu</span> <span class='ocrx_word' id='word_1_201' title='bbox 519 2691 626 2743; x_wconf 88' lang='lat' dir='ltr'>coacta</span> <span class='ocrx_word' id='word_1_202' title='bbox 646 2683 789 2743; x_wconf 88' lang='lat' dir='ltr'>faciebat.</span> 
     </span>
    </p>

    <p class='ocr_par' dir='ltr' id='par_1_4' title="bbox 106 2769 1172 4031">
     <span class='ocr_line' id='line_1_29' title="bbox 252 2769 1170 2848; baseline 0 -20"><span class='ocrx_word' id='word_1_203' title='bbox 252 2770 374 2829; x_wconf 86' lang='lat' dir='ltr'>XXVI.</span> <span class='ocrx_word' id='word_1_204' title='bbox 419 2770 471 2830; x_wconf 91' lang='lat' dir='ltr'>Int</span> <span class='ocrx_word' id='word_1_205' title='bbox 458 2771 546 2830; x_wconf 90' lang='lat' dir='ltr'>terim</span> <span class='ocrx_word' id='word_1_206' title='bbox 570 2769 606 2829; x_wconf 77' lang='lat' dir='ltr'>G</span> <span class='ocrx_word' id='word_1_207' title='bbox 621 2769 765 2830; x_wconf 74' lang='lat' dir='ltr'>Caninius</span> <span class='ocrx_word' id='word_1_208' title='bbox 781 2771 902 2847; x_wconf 87' lang='lat' dir='ltr'>legatus</span> <span class='ocrx_word' id='word_1_209' title='bbox 919 2790 1012 2846; x_wconf 89' lang='lat' dir='ltr'>quum</span> <span class='ocrx_word' id='word_1_210' title='bbox 1029 2791 1170 2848; x_wconf 88' lang='lat' dir='ltr'>magnam</span> 
     </span>
     <span class='ocr_line' id='line_1_30' title="bbox 166 2854 1168 2918; baseline -0.001 -3"><span class='ocrx_word' id='word_1_211' title='bbox 166 2855 391 2915; x_wconf 86' lang='lat' dir='ltr'>multitudinem</span> <span class='ocrx_word' id='word_1_212' title='bbox 415 2857 594 2917; x_wconf 84' lang='lat' dir='ltr'>convenisse</span> <span class='ocrx_word' id='word_1_213' title='bbox 616 2857 695 2918; x_wconf 88' lang='lat' dir='ltr'>host&#39;</span> <span class='ocrx_word' id='word_1_214' title='bbox 674 2864 750 2915; x_wconf 90' lang='lat' dir='ltr'>t1um</span> <span class='ocrx_word' id='word_1_215' title='bbox 778 2857 810 2916; x_wconf 92' lang='lat' dir='ltr'>in</span> <span class='ocrx_word' id='word_1_216' title='bbox 836 2854 913 2915; x_wconf 86' lang='lat' dir='ltr'>fines</span> <span class='ocrx_word' id='word_1_217' title='bbox 935 2856 1095 2915; x_wconf 91' lang='lat' dir='ltr'>Pictonum</span> <span class='ocrx_word' id='word_1_218' title='bbox 1120 2857 1168 2915; x_wconf 88' lang='lat' dir='ltr'>lit-</span> 
     </span>
     <span class='ocr_line' id='line_1_31' title="bbox 166 2941 1169 3020; baseline 0 -20"><span class='ocrx_word' id='word_1_219' title='bbox 166 2943 241 3002; x_wconf 89' lang='lat' dir='ltr'>teris</span> <span class='ocrx_word' id='word_1_220' title='bbox 275 2941 450 3018; x_wconf 81' lang='lat' dir='ltr'>nuntiisque</span> <span class='ocrx_word' id='word_1_221' title='bbox 472 2943 594 3001; x_wconf 89' lang='lat' dir='ltr'>Duratii</span> <span class='ocrx_word' id='word_1_222' title='bbox 627 2949 835 3020; x_wconf 85' lang='lat' dir='ltr'>cognosceret,</span> <span class='ocrx_word' id='word_1_223' title='bbox 871 2942 922 3017; x_wconf 91' lang='lat' dir='ltr'>qui</span> <span class='ocrx_word' id='word_1_224' title='bbox 955 2950 1103 3019; x_wconf 86' lang='lat' dir='ltr'>perpetuo</span> <span class='ocrx_word' id='word_1_225' title='bbox 1136 2943 1169 3000; x_wconf 90' lang='lat' dir='ltr'>in</span> 
     </span>
     <span class='ocr_line' id='line_1_32' title="bbox 168 3027 1169 3105; baseline 0 -19"><span class='ocrx_word' id='word_1_226' title='bbox 168 3027 300 3086; x_wconf 89' lang='lat' dir='ltr'>amicitia</span> <span class='ocrx_word' id='word_1_227' title='bbox 321 3034 476 3087; x_wconf 85' lang='lat' dir='ltr'>manserat</span> <span class='ocrx_word' id='word_1_228' title='bbox 498 3029 713 3103; x_wconf 85' lang='lat' dir='ltr'>Romanorum,</span> <span class='ocrx_word' id='word_1_229' title='bbox 734 3049 826 3104; x_wconf 91' lang='lat' dir='ltr'>quum</span> <span class='ocrx_word' id='word_1_230' title='bbox 842 3046 915 3105; x_wconf 89' lang='lat' dir='ltr'>pars</span> <span class='ocrx_word' id='word_1_231' title='bbox 934 3027 1073 3103; x_wconf 82' lang='lat' dir='ltr'>quaedam</span> <span class='ocrx_word' id='word_1_232' title='bbox 1097 3027 1169 3087; x_wconf 90' lang='lat' dir='ltr'>civi-</span> 
     </span>
     <span class='ocr_line' id='line_1_33' title="bbox 167 3111 1168 3192; baseline 0 -21"><span class='ocrx_word' id='word_1_233' title='bbox 167 3113 240 3171; x_wconf 88' lang='lat' dir='ltr'>tatis</span> <span class='ocrx_word' id='word_1_234' title='bbox 271 3111 338 3188; x_wconf 87' lang='lat' dir='ltr'>ejus</span> <span class='ocrx_word' id='word_1_235' title='bbox 367 3112 546 3189; x_wconf 86' lang='lat' dir='ltr'>defecisset,</span> <span class='ocrx_word' id='word_1_236' title='bbox 582 3113 621 3171; x_wconf 90' lang='lat' dir='ltr'>ad</span> <span class='ocrx_word' id='word_1_237' title='bbox 650 3114 794 3192; x_wconf 90' lang='lat' dir='ltr'>oppidum</span> <span class='ocrx_word' id='word_1_238' title='bbox 815 3112 982 3171; x_wconf 90' lang='lat' dir='ltr'>Lemonum</span> <span class='ocrx_word' id='word_1_239' title='bbox 1004 3113 1168 3174; x_wconf 82' lang='lat' dir='ltr'>contendit.</span> 
     </span>
     <span class='ocr_line' id='line_1_34' title="bbox 106 3199 1169 3277; baseline 0.003 -21"><span class='ocrx_word' id='word_1_240' title='bbox 106 3214 108 3219; x_wconf 84' lang='grc'><strong>’</strong></span> <span class='ocrx_word' id='word_1_241' title='bbox 169 3199 235 3270; x_wconf 78' lang='lat' dir='ltr'>Quo</span> <span class='ocrx_word' id='word_1_242' title='bbox 259 3218 351 3274; x_wconf 91' lang='lat' dir='ltr'>quum</span> <span class='ocrx_word' id='word_1_243' title='bbox 374 3199 554 3259; x_wconf 88' lang='lat' dir='ltr'>adventaret</span> <span class='ocrx_word' id='word_1_244' title='bbox 576 3205 668 3275; x_wconf 90' lang='lat' dir='ltr'>atque</span> <span class='ocrx_word' id='word_1_245' title='bbox 691 3220 729 3258; x_wconf 88' lang='lat' dir='ltr'>ex</span> <span class='ocrx_word' id='word_1_246' title='bbox 758 3199 888 3277; x_wconf 84' lang='lat' dir='ltr'>captivis</span> <span class='ocrx_word' id='word_1_247' title='bbox 921 3199 1035 3258; x_wconf 90' lang='lat' dir='ltr'>certius</span> <span class='ocrx_word' id='word_1_248' title='bbox 1058 3220 1169 3277; x_wconf 88' lang='lat' dir='ltr'>cogno·</span> 
     </span>
     <span class='ocr_line' id='line_1_35' title="bbox 168 3280 1168 3359; baseline 0 -15"><span class='ocrx_word' id='word_1_249' title='bbox 168 3286 270 3344; x_wconf 82' lang='lat' dir='ltr'>soeret</span> <span class='ocrx_word' id='word_1_250' title='bbox 291 3283 394 3342; x_wconf 88' lang='lat' dir='ltr'>multis</span> <span class='ocrx_word' id='word_1_251' title='bbox 416 3285 570 3343; x_wconf 91' lang='lat' dir='ltr'>hominum</span> <span class='ocrx_word' id='word_1_252' title='bbox 580 3285 704 3344; x_wconf 87' lang='lat' dir='ltr'>milibus</span> <span class='ocrx_word' id='word_1_253' title='bbox 717 3286 915 3359; x_wconf 89' lang='lat' dir='ltr'>aDumnaco,</span> <span class='ocrx_word' id='word_1_254' title='bbox 934 3283 1011 3344; x_wconf 86' lang='lat' dir='ltr'>duee</span> <span class='ocrx_word' id='word_1_255' title='bbox 1023 3280 1168 3357; x_wconf 85' lang='lat' dir='ltr'>Andium,</span> 
     </span>
     <span class='ocr_line' id='line_1_36' title="bbox 167 3369 1170 3449; baseline 0.002 -20"><span class='ocrx_word' id='word_1_256' title='bbox 167 3369 331 3429; x_wconf 87' lang='lat' dir='ltr'>Duratium</span> <span class='ocrx_word' id='word_1_257' title='bbox 365 3370 502 3429; x_wconf 88' lang='lat' dir='ltr'>clausum</span> <span class='ocrx_word' id='word_1_258' title='bbox 531 3370 658 3430; x_wconf 91' lang='lat' dir='ltr'>Lemoni</span> <span class='ocrx_word' id='word_1_259' title='bbox 691 3370 869 3449; x_wconf 87' lang='lat' dir='ltr'>oppugnari,</span> <span class='ocrx_word' id='word_1_260' title='bbox 903 3389 1003 3446; x_wconf 90' lang='lat' dir='ltr'>neque</span> <span class='ocrx_word' id='word_1_261' title='bbox 1035 3370 1170 3431; x_wconf 87' lang='lat' dir='ltr'>infirmas</span> 
     </span>
     <span class='ocr_line' id='line_1_37' title="bbox 166 3455 1169 3534; baseline 0.002 -20"><span class='ocrx_word' id='word_1_262' title='bbox 166 3455 303 3533; x_wconf 88' lang='lat' dir='ltr'>legiones</span> <span class='ocrx_word' id='word_1_263' title='bbox 325 3456 466 3515; x_wconf 89' lang='lat' dir='ltr'>hostibus</span> <span class='ocrx_word' id='word_1_264' title='bbox 490 3457 677 3516; x_wconf 85' lang='lat' dir='ltr'>committere</span> <span class='ocrx_word' id='word_1_265' title='bbox 700 3456 836 3531; x_wconf 88' lang='lat' dir='ltr'>auderet,</span> <span class='ocrx_word' id='word_1_266' title='bbox 861 3463 963 3515; x_wconf 89' lang='lat' dir='ltr'>castra</span> <span class='ocrx_word' id='word_1_267' title='bbox 980 3458 1084 3534; x_wconf 90' lang='lat' dir='ltr'>posuit</span> <span class='ocrx_word' id='word_1_268' title='bbox 1101 3459 1169 3516; x_wconf 88' lang='lat' dir='ltr'>loco</span> 
     </span>
     <span class='ocr_line' id='line_1_38' title="bbox 167 3540 1168 3620; baseline 0.001 -19"><span class='ocrx_word' id='word_1_269' title='bbox 167 3541 292 3601; x_wconf 89' lang='lat' dir='ltr'>munito.</span> <span class='ocrx_word' id='word_1_270' title='bbox 336 3541 514 3601; x_wconf 90' lang='lat' dir='ltr'>Dumnacus</span> <span class='ocrx_word' id='word_1_271' title='bbox 538 3563 630 3618; x_wconf 93' lang='lat' dir='ltr'>quum</span> <span class='ocrx_word' id='word_1_272' title='bbox 652 3542 897 3620; x_wconf 89' lang='lat' dir='ltr'>appropinquare</span> <span class='ocrx_word' id='word_1_273' title='bbox 916 3540 1075 3600; x_wconf 78' lang='lat' dir='ltr'>Caninium</span> <span class='ocrx_word' id='word_1_274' title='bbox 1098 3563 1168 3620; x_wconf 89' lang='lat' dir='ltr'>cog·</span> 
     </span>
     <span class='ocr_line' id='line_1_39' title="bbox 168 3627 1172 3706; baseline 0.001 -19"><span class='ocrx_word' id='word_1_275' title='bbox 168 3635 288 3701; x_wconf 90' lang='lat' dir='ltr'>nosset,</span> <span class='ocrx_word' id='word_1_276' title='bbox 330 3629 425 3705; x_wconf 85' lang='lat' dir='ltr'>copiis</span> <span class='ocrx_word' id='word_1_277' title='bbox 460 3628 598 3687; x_wconf 87' lang='lat' dir='ltr'>omnibus</span> <span class='ocrx_word' id='word_1_278' title='bbox 638 3628 677 3686; x_wconf 89' lang='lat' dir='ltr'>ad</span> <span class='ocrx_word' id='word_1_279' title='bbox 709 3629 846 3706; x_wconf 88' lang='lat' dir='ltr'>legiones</span> <span class='ocrx_word' id='word_1_280' title='bbox 880 3627 1036 3687; x_wconf 82' lang='lat' dir='ltr'>conversis</span> <span class='ocrx_word' id='word_1_281' title='bbox 1070 3636 1172 3688; x_wconf 85' lang='lat' dir='ltr'>castra</span> 
     </span>
     <span class='ocr_line' id='line_1_40' title="bbox 168 3712 1171 3791; baseline 0.002 -19"><span class='ocrx_word' id='word_1_282' title='bbox 168 3714 375 3773; x_wconf 87' lang='lat' dir='ltr'>Romanorum</span> <span class='ocrx_word' id='word_1_283' title='bbox 403 3733 579 3791; x_wconf 90' lang='lat' dir='ltr'>oppugnare</span> <span class='ocrx_word' id='word_1_284' title='bbox 602 3714 742 3773; x_wconf 89' lang='lat' dir='ltr'>instituit.</span> <span class='ocrx_word' id='word_1_285' title='bbox 789 3713 889 3785; x_wconf 81' lang='lat' dir='ltr'>Quum</span> <span class='ocrx_word' id='word_1_286' title='bbox 912 3712 1082 3790; x_wconf 88' lang='lat' dir='ltr'>complures</span> <span class='ocrx_word' id='word_1_287' title='bbox 1106 3714 1171 3774; x_wconf 87' lang='lat' dir='ltr'>dies</span> 
     </span>
     <span class='ocr_line' id='line_1_41' title="bbox 168 3799 1170 3877; baseline 0.002 -19"><span class='ocrx_word' id='word_1_288' title='bbox 168 3801 201 3858; x_wconf 92' lang='lat' dir='ltr'>in</span> <span class='ocrx_word' id='word_1_289' title='bbox 223 3799 448 3877; x_wconf 87' lang='lat' dir='ltr'>oppugnatione</span> <span class='ocrx_word' id='word_1_290' title='bbox 472 3800 711 3877; x_wconf 90' lang='lat' dir='ltr'>consumpsisset</span> <span class='ocrx_word' id='word_1_291' title='bbox 734 3808 764 3859; x_wconf 87' lang='lat' dir='ltr'>et</span> <span class='ocrx_word' id='word_1_292' title='bbox 786 3818 896 3876; x_wconf 91' lang='lat' dir='ltr'>magno</span> <span class='ocrx_word' id='word_1_293' title='bbox 926 3817 1050 3857; x_wconf 88' lang='lat' dir='ltr'>suorum</span> <span class='ocrx_word' id='word_1_294' title='bbox 1079 3799 1170 3871; x_wconf 87' lang='lat' dir='ltr'>detri-</span> 
     </span>
     <span class='ocr_line' id='line_1_42' title="bbox 171 3883 1170 3963; baseline 0.004 -21"><span class='ocrx_word' id='word_1_295' title='bbox 171 3894 273 3944; x_wconf 91' lang='lat' dir='ltr'>mento</span> <span class='ocrx_word' id='word_1_296' title='bbox 295 3885 411 3944; x_wconf 91' lang='lat' dir='ltr'>nullam</span> <span class='ocrx_word' id='word_1_297' title='bbox 438 3892 556 3962; x_wconf 90' lang='lat' dir='ltr'>partem</span> <span class='ocrx_word' id='word_1_298' title='bbox 585 3885 783 3944; x_wconf 88' lang='lat' dir='ltr'>munitionum</span> <span class='ocrx_word' id='word_1_299' title='bbox 812 3883 982 3943; x_wconf 87' lang='lat' dir='ltr'>convellere</span> <span class='ocrx_word' id='word_1_300' title='bbox 1009 3887 1170 3963; x_wconf 89' lang='lat' dir='ltr'>potuisset,</span> 
     </span>
     <span class='ocr_line' id='line_1_43' title="bbox 170 3969 861 4031; baseline -0.001 -2"><span class='ocrx_word' id='word_1_301' title='bbox 170 3990 276 4031; x_wconf 88' lang='lat' dir='ltr'>rursus</span> <span class='ocrx_word' id='word_1_302' title='bbox 298 3970 337 4030; x_wconf 89' lang='lat' dir='ltr'>ad</span> <span class='ocrx_word' id='word_1_303' title='bbox 360 3970 561 4031; x_wconf 89' lang='lat' dir='ltr'>obsidendum</span> <span class='ocrx_word' id='word_1_304' title='bbox 583 3971 751 4030; x_wconf 89' lang='lat' dir='ltr'>Lemonum</span> <span class='ocrx_word' id='word_1_305' title='bbox 773 3969 861 4029; x_wconf 88' lang='lat' dir='ltr'>redit.</span> 
     </span>
    </p>
   </div>
   <div class='ocr_carea' id='block_1_3' title="bbox 0 0 1351 4456">
    <p class='ocr_par' dir='ltr' id='par_1_5' title="bbox 0 0 1351 4456">
     <span class='ocr_line' id='line_1_44' title="bbox 0 0 1351 4456; baseline 0 0"><span class='ocrx_word' id='word_1_306' title='bbox 0 0 1351 4456; x_wconf 95' lang='lat' dir='ltr'> </span> 
     </span>
    </p>
   </div>
  </div>
 </body>
</html>
