2670 4456
191 253 233 308 84
495 242 548 295 nu
566 239 693 294 annuo
712 238 891 297 canarno

274 420 395 479 XXVI.
430 419 549 477 Diebus
572 418 692 477 circiter
704 417 774 492 XV,
799 416 909 492 quibus
932 417 962 475 in
980 417 1108 477 hiberna
1125 439 1199 478 ven·

190 515 254 566 tum
277 513 334 580 est,
368 505 487 563 initium
515 504 667 580 repentini
694 503 842 561 tumultus
873 521 909 560 ac
943 502 1125 563 defectionis
1149 525 1195 563 or-

190 600 255 651 tum
278 599 326 650 est
348 592 386 649 ab
409 590 586 666 Ambiorige
609 597 640 648 et
663 588 846 661 Catuvolco;
871 587 923 662 qui
945 607 1037 663 quum
1060 587 1199 649 adfines

190 677 278 754 regni
301 676 348 735 sui
372 675 484 734 Sabino
509 674 668 750 Cottaeque
690 680 804 752 praesto
833 672 967 732 fuissent
995 673 1198 734 frumentum-

191 783 250 839 que
287 762 320 820 in
359 761 486 819 hiberna
525 761 813 837 comportavissent,
836 758 1037 818 Indutiomari
1080 760 1200 821 Treviri

192 848 307 907 nuntiis
328 847 452 924 impulsi
482 865 554 906 suos
589 846 823 906 concitaverunt
853 844 1014 920 subitoque
1042 847 1199 923 oppressis

189 933 390 1010 lignatoribus
407 952 519 1008 magna
535 951 627 991 manu
651 931 691 989 ad
709 938 811 990 castra
823 930 1027 1008 oppugnanda
1038 939 1197 991 venerunt.

191 1018 290 1090 Quum
313 1019 452 1078 celeriter
473 1018 571 1076 nostri
594 1037 678 1075 arma
708 1016 863 1094 cepissent
890 1015 1064 1092 vallumque
1093 1037 1198 1076 ascen-

193 1104 311 1163 dissent
335 1112 426 1179 atque
454 1123 515 1163 una
538 1123 576 1161 ex
602 1108 689 1180 parte
717 1101 865 1178 Hispanis
895 1101 1048 1176 equitibus
1079 1103 1198 1163 emissis

191 1189 326 1265 equestri
358 1188 466 1265 proelio
502 1188 676 1266 superiores
710 1186 851 1261 fuissent,
887 1184 1050 1264 desperata
1083 1209 1117 1247 re
1146 1189 1199 1247 ho-

192 1281 255 1334 stes
278 1294 350 1333 suos
374 1275 411 1332 ab
436 1273 660 1351 oppugnatione
682 1273 877 1331 reduxerunt.
931 1273 1008 1330 Tum
1038 1293 1093 1332 suo
1116 1294 1199 1333 more

194 1359 476 1432 conclamaverunt,
512 1359 558 1416 uti
592 1359 684 1434 aliqui
724 1378 762 1417 ex
794 1357 908 1417 nostris
943 1357 982 1415 ad
1015 1359 1200 1434 colloquium

192 1445 365 1523 prodirent:
389 1444 503 1503 habere
527 1462 605 1518 sese,
630 1463 697 1518 quas
721 1443 758 1502 de
780 1463 814 1501 re
837 1443 988 1501 communi
1011 1444 1112 1504 dicere
1136 1444 1199 1505 vel-

192 1530 265 1605 lent,
290 1530 400 1604 quibus
423 1531 516 1588 rebus
539 1529 764 1588 controversias
786 1529 880 1587 minui
908 1547 1000 1606 posse
1028 1537 1199 1607 sperarent.

177 1639 179 1643 ¹
277 1614 417 1674 XXVII.
462 1615 597 1673 Mittitur
619 1614 658 1672 ad
681 1634 733 1673 eos
757 1614 950 1689 colloquendi
973 1634 1066 1674 causa
1090 1615 1127 1674 G.
1140 1616 1198 1673 Ar-

194 1700 316 1778 pinejus
350 1720 443 1775 eques
477 1701 643 1774 Romanus,
677 1699 836 1759 familiaris
871 1699 907 1771 Q.
942 1699 1060 1774 Titurii,
1096 1709 1128 1760 et
1162 1700 1197 1773 Q.

191 1787 303 1845 Junius
326 1806 363 1844 ex
385 1786 536 1863 Hispania
558 1785 690 1861 quidam,
720 1785 772 1861 qui
790 1784 856 1861 jam
884 1792 955 1844 ante
976 1786 1072 1844 missu
1097 1785 1198 1845 Oaesa-

193 1872 236 1930 ris
260 1871 299 1929 ad
320 1871 531 1948 Ambiorigem
553 1871 704 1930 ventitare
728 1878 903 1943 conaverat;
929 1870 1011 1948 apud
1034 1891 1110 1948 quos
1128 1872 1199 1930 Am-

193 1956 292 2014 biorix
316 1955 355 2013 ad
382 1956 463 2014 hunc
492 1955 615 2014 modum
643 1956 764 2015 locutus
787 1963 849 2014 est:
880 1955 954 2014 Sese
982 1976 1037 2034 pro
1068 1955 1200 2016 Caesaris

193 2041 224 2098 in
248 2061 282 2100 se
303 2040 461 2099 beneficiis
484 2041 651 2118 plurimum
674 2042 701 2100 ei
724 2039 861 2100 confiteri
885 2041 1006 2116 debere,
1031 2041 1112 2118 quod
1134 2043 1200 2119 ejus

193 2146 286 2204 opera
309 2126 460 2203 stipendio
484 2126 632 2185 liberatus
655 2134 746 2202 esset,
771 2126 852 2202 quod
870 2126 1041 2186 Aduatucis
1063 2125 1200 2187 finitimis

193 2213 258 2270 suis
280 2211 415 2290 pendere
438 2219 627 2287 consvesset,
651 2212 793 2288 quodque
816 2212 844 2270 ei
872 2220 903 2271 et
925 2210 1005 2270 filius
1035 2220 1065 2272 et
1092 2212 1199 2272 fratris

192 2296 273 2357 filius
297 2298 334 2356 ab
360 2297 482 2357 Oaesare
504 2297 625 2356 remissi
648 2305 761 2372 essent,
785 2317 861 2373 quos
880 2297 1034 2357 Aduatuci
1057 2299 1199 2357 obsidum

193 2404 318 2443 numero
342 2384 452 2443 missos
483 2382 564 2462 apud
594 2403 627 2441 se
649 2384 680 2441 in
703 2383 851 2443 servitute
880 2391 911 2441 et
941 2384 1056 2442 catenis
1084 2385 1198 2443 tenuis-

195 2476 278 2543 sent;
308 2489 408 2545 neque
430 2469 473 2544 id,
508 2467 590 2544 quod
623 2467 732 2528 fecerit
759 2468 797 2526 de
828 2468 1053 2546 oppugnatione
1085 2477 1200 2528 castro-

193 2574 269 2629 rum,
304 2562 356 2612 aut
385 2554 501 2631 judicio
531 2561 584 2613 aut
606 2554 763 2614 voluntate
785 2573 842 2612 sua
863 2553 986 2629 fecisse,
1015 2552 1070 2614 sed
1093 2562 1202 2614 coactu

197 2639 341 2714 civitatis,
365 2658 481 2715 suaque
505 2659 573 2697 esse
602 2638 752 2715 ejusmodi
779 2639 919 2717 imperia,
953 2647 987 2697 ut
1014 2659 1075 2698 non
1102 2641 1202 2699 minus

194 2724 322 2782 haberet
340 2723 419 2799 juris
442 2725 473 2781 in
496 2743 529 2782 se
552 2724 729 2798 multitud0,
760 2745 851 2799 quam
878 2725 946 2802 ipss
975 2724 1007 2782 in
1033 2724 1202 2784 multitudi-

194 2827 272 2867 nem.
319 2807 444 2869 Civitati
466 2829 556 2886 porro
580 2808 658 2866 hanc
680 2808 777 2868 fuisse
800 2810 873 2868 belli
891 2829 1025 2883 causam,
1050 2810 1133 2886 quod
1155 2830 1201 2869 re·

195 2894 328 2972 pentinae
359 2893 517 2953 Gallorum
551 2893 752 2971 conjurationi
784 2895 930 2954 resistere
963 2915 1024 2954 non
1052 2897 1201 2974 potuerit;

194 2979 227 3038 id
249 2998 284 3038 se
306 2978 397 3038 facile
420 2999 458 3038 ex
480 2979 653 3039 humilitate
676 2999 732 3039 sua
753 2981 886 3058 probare
907 2999 1009 3057 posse,
1039 2981 1121 3056 quod
1143 3000 1204 3039 non

197 3064 271 3124 adeo
296 3066 336 3124 sit
357 3065 517 3142 imperitus
540 3085 653 3140 rerum,
683 3074 717 3124 ut
751 3067 814 3125 suis
845 3066 940 3143 copiis
973 3067 1118 3143 populum
1141 3067 1203 3125 Ro-

195 3170 318 3209 manum
341 3151 479 3228 superari
501 3170 594 3228 posse
617 3150 768 3225 confidat3
799 3151 853 3210 sed
885 3144 966 3210 esse
984 3150 1093 3211 Galliae
1123 3172 1204 3211 com-

196 3255 287 3294 mune
329 3236 507 3294 consilium:
554 3237 694 3296 omnibus
740 3237 875 3296 hibernis
915 3234 1046 3295 Caesaris
1088 3258 1205 3316 oppug-

197 3320 307 3379 nandis
330 3321 410 3379 hunc
433 3341 502 3380 esse
525 3322 639 3380 <lictum
662 3322 758 3398 diem,
788 3342 827 3381 ne
856 3342 917 3398 qua
943 3322 1025 3401 legio
1053 3322 1141 3381 alteri
1162 3323 1205 3382 le-

197 3405 281 3483 gioni
303 3405 439 3465 subsidio
463 3408 567 3466 venire
596 3415 711 3485 posset.
762 3407 832 3467 Non
860 3406 949 3466 facile
979 3407 1084 3467 Gallos
1108 3408 1206 3467 Gallis

198 3511 311 3568 negare
333 3492 480 3569 potuisse,
503 3494 675 3571 pracsertim
698 3513 790 3569 quum
820 3493 858 3551 de
887 3493 1096 3571 recuperanda
1125 3514 1207 3554 oom-

198 3577 282 3636 muni
304 3577 446 3636 libertate
469 3578 639 3638 comsilium
661 3579 769 3636 initum
790 3577 954 3638 videretur.
991 3578 1109 3650 Quibus
1133 3599 1206 3655 quo-

198 3664 279 3721 niam
300 3683 355 3740 pro
378 3664 493 3741 pietate
522 3662 717 3738 satisfecerit,
746 3664 858 3722 habere
886 3683 967 3723 nunc
996 3683 1030 3723 se
1058 3665 1208 3724 rationem

199 3746 293 3806 officii
321 3768 376 3826 pro
410 3748 566 3809 beneficiis
591 3747 739 3821 Caesaris;
774 3764 912 3824 m'onere,
942 3769 1029 3808 orare
1056 3750 1209 3809 Titurium

199 3853 254 3911 pro
280 3834 422 3912 hospitio,
456 3841 491 3892 ut
513 3853 577 3892 suae
606 3853 641 3892 ac
668 3834 796 3894 militum
825 3835 1094 3895 saluti-consulat:
1124 3837 1208 3913 m'ag-

199 3938 269 3977 nam
291 3939 414 3978 manum
436 3919 657 3979 Germanorum
680 3920 862 3979 conductum
881 3921 1023 3980 Rhenum
1040 3923 1207 3996 transisse;
