2670 4456
160 244 224 301 130
464 235 518 288 DE
536 231 663 287 BELLO
682 231 851 287 GALLIGO

246 429 404 490 XXVIII.
450 428 565 486 Hostes
588 448 621 486 re
644 449 723 487 nova
733 428 896 507 perterriti,
917 447 1002 485 muro
1014 426 1171 485 turribus-

163 538 220 593 que
243 515 355 592 dejecti
377 515 408 572 in
431 512 497 572 foro
522 533 557 572 ac
580 513 656 572 locis
678 513 901 597 patentioribus
925 513 1075 572 cuneatim
1094 532 1169 570 con·

164 603 307 665 stiterrmt
329 601 387 659 hoc
411 599 524 674 anim0,
556 607 606 674 ut,
637 600 663 657 si
698 620 758 674 qua
780 619 817 657 ex
839 605 927 675 parte
950 599 1071 658 obviam
1094 617 1168 656 con-

163 695 212 747 tra
233 687 397 760 veniretur,
422 685 487 744 acie
510 684 660 743 instructa
683 685 902 762 depugnarent.
936 684 998 742 Ubi
1014 684 1169 742 neminem

163 774 194 832 in
217 792 338 847 aequum
360 772 460 829 locum
482 789 551 829 sese
575 769 743 845 demittere,
769 770 823 828 sed
846 769 1056 845 tctcundique
1078 789 1169 828 muro

168 856 371 917 circumfundi
393 856 545 930 viderunt,
563 856 662 930 veriti,
690 875 729 914 ne
749 856 869 914 omnino
898 875 969 932 spes
996 854 1079 932 fugae
1110 855 1169 912 tol-

167 945 292 1018 leretur,
317 942 445 1019 abjectis
468 941 559 1000 armis
581 941 705 1000 ultimas
735 940 838 1019 oppidi
866 949 970 1019 partes
1000 941 1170 999 continenti

160 1031 279 1109 *impetu
301 1029 486 1106 petiverunt,
509 1046 642 1104 parsque
664 1027 716 1100 ibi,
741 1047 833 1102 quum
856 1035 985 1103 angusto
997 1027 1080 1085 exitu
1097 1045 1170 1103 por-

166 1123 266 1174 tarum
289 1135 323 1172 se
345 1114 405 1192 ipsi
425 1121 609 1190 premerent,
634 1134 651 1171 a
673 1112 829 1187 militibus,
853 1132 924 1189 pars
949 1111 1015 1189 jam
1043 1131 1172 1188 egressa

165 1201 261 1278 portis
285 1201 322 1259 ab
346 1199 499 1274 equitibus
512 1206 559 1256 est
581 1197 755 1272 interfecta,
778 1218 834 1257 nec
853 1197 912 1256 fuit
924 1198 1094 1272 quisquam,
1116 1197 1171 1272 qui

165 1285 278 1364 praedae
302 1284 448 1344 studeret.
496 1283 546 1342 Sic
570 1291 600 1342 et
624 1284 744 1342 Genabi
765 1283 849 1342 oaede
878 1292 908 1342 et
935 1284 1038 1342 labore
1067 1282 1173 1360 operis

166 1371 284 1430 incitati
301 1391 361 1429 non
379 1376 469 1428 aetate
482 1367 638 1443 coniectis,
651 1390 711 1428 non
722 1370 910 1443 mulieribus,
928 1389 988 1427 non
1000 1367 1171 1426 infantibus

166 1462 378 1534 pepercerunt.
423 1455 564 1529 Denique
587 1475 624 1512 ex
647 1456 727 1513 omni
751 1475 785 1513 ec
808 1475 943 1530 numero,
967 1455 1019 1529 qui
1040 1453 1100 1512 fuit
1112 1453 1174 1512 cir-

169 1542 244 1600 citer
266 1541 380 1598 milium
402 1539 471 1614 XL,
501 1540 553 1600 vix
574 1539 692 1615 DCCC,
717 1541 769 1615 qui
791 1541 887 1617 primo
910 1540 1041 1598 clamore
1065 1539 1172 1597 audito

170 1646 202 1685 se
226 1646 264 1685 ex
293 1625 404 1703 oppido
434 1625 604 1702 ejecerant,
632 1626 798 1684 incolumes
828 1625 867 1684 ad
888 1625 1173 1702 Vercingetorigem

169 1719 384 1790 pervenerunt.
438 1711 521 1782 Quos
550 1711 601 1769 ille
634 1712 729 1770 multa
761 1711 827 1787 jam
860 1719 949 1770 nocte
984 1711 1103 1770 silentio
1134 1729 1172 1768 ex

168 1798 241 1875 fuga
264 1797 392 1874 excepit,
416 1797 543 1872 veritae,
567 1809 605 1855 n'e
629 1817 689 1871 qua
710 1798 742 1854 in
765 1798 875 1856 castris
906 1816 943 1856 ex
972 1817 1077 1855 eorum
1100 1816 1171 1853 con-

170 1903 261 1942 cursu
284 1892 314 1942 et
336 1882 543 1940 misericordia
571 1883 655 1958 vulgi
689 1881 797 1941 seditio
826 1891 972 1957 oreretur,
1003 1889 1038 1940 ut
1064 1881 1173 1959 procul

169 1969 201 2026 in
223 1969 273 2028 via
296 1967 453 2044 dispositis
475 1967 676 2026 familiaribus
706 1968 769 2026 suis
792 1969 1041 2046 principibusque
1065 1968 1175 2026 civita-

169 2061 233 2111 tum
256 2051 457 2130 disparandos
481 2051 736 2128 deducendosque
766 2053 804 2112 ad
833 2074 904 2113 suos
934 2061 1070 2128 curarat,
1102 2073 1175 2128 quoe

170 2138 278 2214 cuique
302 2138 417 2197 civitati
440 2157 512 2215 pars
536 2146 705 2197 castrorum
728 2140 765 2197 ab
789 2140 874 2198 initio
898 2141 1072 2199 obvenerat.

255 2223 379 2282 XXIX.
425 2224 553 2282 Postero
578 2224 625 2282 die
649 2225 776 2283 concilio
801 2233 967 2285 convocato
992 2224 1172 2283 consolatus

171 2310 406 2384 cohortatusque
430 2316 487 2384 est,
515 2330 554 2368 ne
583 2329 616 2368 se
646 2310 808 2369 admodum
838 2311 936 2370 animo
966 2310 1171 2384 demitterent,

168 2414 246 2455 neve
269 2396 521 2472 perturbarentur
548 2395 753 2454 incommodo:
784 2417 843 2454 non
871 2397 984 2469 virtute
1012 2416 1112 2471 neque
1140 2396 1172 2453 in

170 2481 235 2539 acie
258 2481 370 2541 vicisse
392 2481 556 2556 Romanos,
581 2481 637 2539 sed
665 2480 792 2541 artificio
822 2481 954 2557 quodam
983 2490 1013 2541 et
1043 2481 1174 2540 scientia

171 2565 422 2643 oppugnationis
452 2565 540 2642 cujus
573 2567 618 2625 rei
640 2566 755 2626 fuerint
788 2568 847 2644 ipsi
874 2568 1026 2645 imperiti3
1057 2586 1169 2640 errare,

170 2651 197 2708 si
232 2650 285 2724 qui
317 2651 348 2708 in
378 2650 458 2709 bello
487 2671 592 2711 omnes
620 2652 771 2711 secundos
800 2673 901 2712 rerum
929 2659 1097 2731 proventus
1121 2671 1176 2710 ex·-

168 2741 305 2811 pectent;
330 2734 389 2792 sibi
410 2755 564 2810 nunquam
586 2738 739 2814 placuisse
761 2738 927 2798 Avaricum
955 2737 1088 2813 defendi,
1119 2757 1172 2796 cu-

165 2819 218 2896 jus
248 2820 294 2878 rei
326 2826 422 2878 testes
449 2821 534 2897 ipsos
562 2822 698 2898 haberet,
729 2823 783 2882 sed
822 2823 937 2883 factum
964 2823 1171 2903 imprudentia

86 2963 88 2967 ,
169 2905 343 2982 Biturigum
366 2912 396 2964 et
423 2905 515 2964 nimia
538 2902 738 2983 obsequentia
761 2909 955 2986 reliquorum,
978 2910 1024 2967 uti
1046 2909 1103 2967 hcc
1126 2908 1171 2966 in·

170 2990 359 3050 commodum
387 2991 592 3069 acciperetur;
626 2994 659 3052 id
686 3001 787 3053 tamen
817 3015 850 3054 se
880 2995 1020 3054 celeriter
1047 2992 1171 3070 majori-

168 3077 226 3135 bus
250 3075 416 3135 commodis
440 3085 624 3136 sanaturum.
670 3079 748 3138 Nam
772 3100 840 3154 quae
864 3082 902 3139 ab
925 3081 1050 3156 reliquis
1071 3079 1172 3138 Gallis

169 3162 309 3221 civitates
333 3161 538 3238 dissentirent,
561 3164 617 3223 has
641 3184 697 3223 sua
719 3165 1102 3242 diligentiaadjuncturum
1126 3171 1173 3222 at·

171 3265 230 3320 que
253 3267 346 3304 unum
369 3248 527 3306 consilium
549 3250 643 3307 totius
657 3250 765 3310 Galliae
784 3249 974 3326 effecturum,
999 3251 1087 3328 cujus
1100 3270 1171 3309 con-

172 3331 275 3389 sensui
298 3352 337 3389 ne
360 3332 442 3391 orbis
456 3333 578 3408 quidem
600 3342 749 3394 terrarum
772 3338 870 3414 possit
894 3337 1053 3410 obsistere,
1077 3335 1171 3412 idque

170 3435 204 3475 se
237 3436 332 3493 prope
361 3415 426 3492 jam
461 3417 605 3478 effectum
637 3421 760 3481 habere.
812 3423 935 3482 Interea
958 3442 1079 3497 aequum
1102 3426 1172 3480 esse

171 3502 208 3584 ab
231 3501 270 3559 iis
293 3503 458 3560 communis
482 3505 590 3563 salutis
613 3525 707 3579 causa
727 3508 894 3585 impetrari,
923 3515 958 3566 ut
981 3515 1083 3566 castra
1105 3526 1171 3564 mu-

169 3587 234 3645 nire
256 3587 459 3662 instituerent,
484 3608 542 3662 quo
565 3589 686 3650 facilius
708 3594 883 3670 repentinos
912 3593 1047 3652 hostium
1075 3593 1170 3669 impe·

170 3680 220 3730 tus
244 3673 439 3731 sustinerent.

255 3758 361 3816 XXX.
395 3758 467 3816 Fuit
489 3759 555 3818 haec
579 3761 674 3820 oratio
696 3782 757 3821 non
777 3765 899 3841 ingrata
912 3763 1019 3839 Gallis,
1044 3769 1075 3822 et
1086 3782 1173 3820 max·

168 3842 228 3901 ime
252 3842 333 3918 quod
361 3844 429 3920 ipse
457 3845 556 3904 animo
584 3866 646 3904 non
675 3846 830 3908 defecerat
856 3858 942 3909 tanto
971 3855 1097 3926 accepto
1125 3849 1171 3906 in·

168 3928 325 3987 commodo
348 3948 446 4004 neque
480 3949 513 3989 se
540 3931 572 3989 in
601 3933 753 3992 occultum
790 3934 949 3994 abdiderat
972 3942 1003 3992 et
1025 3953 1174 4011 conspec—
