2670 4456
56 274 59 283 .
171 257 212 314 64
392 222 398 235 ’
475 244 673 299 111111)
693 243 870 299 (1111111).

168 451 233 504 tum
254 442 387 501 fluminis
411 460 559 500 conversa
582 443 745 500 statuebat.
791 441 867 499 Haec
896 447 1025 516 utraque
1047 440 1173 518 insuper

166 530 358 608 bipedalibus
380 528 518 585 trabibus
539 527 692 603 immissis,
716 533 861 602 quantum
889 547 993 585 eorum
1019 526 1173 603 tignorum

164 615 311 693 junctura
328 614 470 687 distabat,
488 613 568 671 binis
586 613 727 688 utrinque
744 611 846 671 fibulis
869 614 906 671 ab
927 619 1061 671 extrema
1083 621 1172 692 parte

170 701 415 774 destinabantur,
441 699 551 773 quibus
575 699 717 758 disclusis
740 705 831 774 atque
854 699 886 756 in
899 699 1081 757 contrariam
1102 720 1170 777 par-

168 795 232 846 tem
253 786 408 860 revinctis,
432 791 518 843 tanta
546 792 611 843 erat
641 785 741 863 operis
770 783 923 842 firmitudo
953 792 1103 858 atquaea
1125 806 1171 844 re·

168 894 236 931 rum
263 878 382 946 natura,
411 877 461 945 ut,
493 890 551 945 quo
580 868 677 947 major
704 871 752 930 vis
781 890 867 945 aquae
902 890 935 928 se
970 871 1169 947 incitavisset,

168 960 226 1018 hoc
249 958 345 1018 artius
367 956 485 1034 illigata
506 963 691 1015 tenerentur.
736 957 813 1015 Haec
836 956 953 1015 directa
974 957 1103 1015 materia
1125 957 1169 1015 in-

163 1044 248 1122 jecta
276 1043 514 1103 contexebantur
532 1062 568 1100 ac
589 1042 737 1119 longuriis
768 1043 962 1117 cratibusque
997 1051 1170 1102 consterne-

167 1131 287 1205 bantur,
311 1149 346 1188 ac
368 1128 462 1186 nihilo
486 1128 585 1186 secius
614 1128 739 1186 sublicas
763 1135 793 1186 et
828 1127 867 1186 ad
895 1126 1068 1186 inferiorem
1101 1149 1170 1206 par·

167 1222 229 1274 tem
251 1214 383 1293 fluminis
407 1214 528 1289 oblique
547 1215 725 1290 agebantur,
750 1233 817 1289 quae
834 1234 890 1291 pro
909 1214 1001 1272 ariete
1020 1214 1169 1290 subjectae

169 1310 200 1361 et
223 1322 291 1361 cum
314 1301 394 1359 omni
417 1319 507 1377 opere
537 1299 708 1375 conjunctae
736 1300 797 1359 vim
823 1299 955 1358 fluminis
985 1300 1168 1378 exciperent,

169 1395 199 1446 et
223 1388 289 1446 aliae
312 1387 385 1445 item
408 1406 514 1462 supra
522 1392 647 1462 pontem
669 1385 813 1444 mediocri
832 1386 941 1463 spatio,
964 1392 1007 1461 ut,
1032 1386 1060 1444 si
1083 1387 1169 1445 arbo-

167 1494 235 1531 rum
257 1473 358 1531 trunci
380 1472 445 1531 sive
467 1490 562 1530 naves
586 1471 748 1548 dejiciendi
771 1473 870 1549 operis
899 1491 991 1530 causa
1020 1479 1123 1530 essent
1152 1493 1169 1530 a

167 1559 307 1617 barbaris
330 1558 442 1632 missae,
466 1556 513 1616 his
537 1556 749 1616 defensoribus
779 1578 882 1617 earum
910 1578 1011 1616 rerum
1038 1558 1086 1618 vis
1115 1558 1168 1615 mi-

166 1651 310 1703 nueretur
332 1665 391 1703 neu
413 1644 498 1721 ponti
521 1651 674 1702 nocerent.

254 1730 380 1789 XVIII.
415 1729 533 1788 Diebus
557 1729 671 1804 decem,
696 1730 806 1804 quibus
829 1728 958 1787 materia
980 1734 1081 1806 coepta
1104 1736 1169 1789 erat

168 1817 364 1893 comportari,
399 1815 479 1873 omni
518 1835 608 1893 opere
650 1813 758 1874 effecto
799 1815 949 1872 exercitus
988 1814 1166 1873 traducitur.

168 1901 272 1960 Caesar
295 1901 334 1960 ad
355 1908 515 1975 utramque
537 1908 654 1978 partem
677 1901 780 1978 pontis
797 1899 883 1959 firmo
902 1900 1043 1977 praesidio
1061 1901 1167 1959 relicto

166 1987 198 2045 in
219 1986 295 2045 fines
325 1986 562 2063 Sugambrorum
591 1986 753 2045 contendit.
804 1986 931 2044 Interim
959 2007 977 2043 a
1007 1986 1167 2064 compluri-

166 2074 223 2131 bus
253 2073 428 2133 civitatibus
463 2071 502 2130 ad
530 2092 599 2130 eum
627 2073 722 2149 legati
748 2071 889 2146 veniunt,
902 2072 1030 2147 vquibus
1060 2092 1168 2149 paceni

167 2165 257 2234 atque
280 2158 443 2217 amicitiam
464 2158 638 2234 petentibus
660 2158 827 2216 liberaliter
848 2157 1006 2234 respondit
1029 2158 1167 2216 obsides-

71 2244 73 2253 '
167 2265 225 2320 que
249 2244 288 2303 ad
311 2264 344 2303 se
367 2243 478 2303 adduci
496 2243 594 2319 jubet.
639 2243 682 2302 At
705 2243 866 2320 Sugambri
897 2263 933 2301 ex
957 2263 990 2302 eo
1020 2249 1165 2321 tempore,

166 2350 226 2405 quo
249 2350 326 2409 pons
350 2330 468 2389 institui
491 2336 610 2407 coeptus
634 2336 691 2405 est,
720 2328 794 2406 fuga
822 2336 997 2406 comparata
1018 2329 1166 2389 hortanti·
1196 2390 1199 2397 ,

164 2417 223 2475 bus
251 2417 298 2491 iis,
329 2436 406 2492 quos
440 2435 477 2475 ex
510 2416 668 2496 Tencteris
695 2422 786 2490 atque
813 2414 994 2492 Usipetibus
1023 2415 1105 2492 apud
1133 2434 1166 2474 se

164 2502 328 2577 habebant,
352 2501 463 2560 finibus
487 2501 550 2560 suis
574 2507 769 2560 excesserant
791 2521 907 2575 suaque
936 2500 1036 2559 omnia
1059 2521 1165 2578 expor-

165 2593 306 2647 taverant
329 2606 422 2662 seque
444 2588 475 2645 in
499 2587 692 2645 solitudinem
714 2607 749 2645 ac
772 2587 866 2646 silvas
890 2586 1078 2645 abdiderant.

250 2672 342 2730 XIX.
389 2671 492 2731 Oaesar
514 2691 628 2749 paucos
651 2672 716 2731 dies
743 2673 775 2731 in
803 2693 906 2731 eorum
933 2671 1045 2730 finibus
1067 2693 1165 2732 mora-

165 2763 225 2831 tus,
260 2758 399 2816 omnibus
433 2757 510 2817 vicis
544 2757 739 2833 aedificiisque
778 2758 910 2816 incensis
944 2757 1166 2834 frumentisque

165 2843 293 2902 succisis
316 2862 351 2902 se
372 2843 404 2901 in
425 2842 502 2902 fines
524 2843 673 2902 Ubiorum
699 2844 815 2921 recepit
843 2850 933 2919 atque
960 2843 998 2902 iis
1021 2844 1165 2903 auxilium

165 2948 252 2994 suum
285 2928 448 3007 pollicitus,
484 2929 511 2988 si
544 2930 581 2988 ab
616 2930 724 2989 Svevis
758 2937 983 3007 premerentur,
1024 2930 1091 2988 haec
1126 2932 1164 2989 ab

163 3014 201 3073 iis
224 3016 380 3092 cognovit:
405 3015 531 3087 Suevos,
555 3022 754 3092 posteaquam
780 3035 836 3093 per
859 3016 1067 3093 exploratores
1089 3035 1164 3093 pon-

163 3108 226 3159 tem
268 3100 334 3161 fieri
378 3101 612 3179 comperissent,
665 3121 748 3160 more
792 3121 846 3160 suo
892 3101 1017 3160 concilio
1060 3101 1165 3161 habito

162 3187 286 3245 nuntios
324 3188 355 3245 in
396 3207 499 3246 omnes
538 3194 642 3265 partes
682 3187 847 3262 dimisisse,
888 3187 933 3245 uti
973 3187 1010 3245 de
1044 3187 1165 3265 oppidis

165 3271 384 3348 demigrarent,
425 3274 553 3349 liberos,
593 3292 719 3349 uxores,
755 3293 869 3348 suaque
909 3273 1008 3331 omnia
1047 3273 1079 3331 in
1114 3274 1165 3332 sil-

163 3357 211 3416 vis
234 3356 429 3435 deponerent,
459 3367 550 3434 atque
580 3378 698 3435 omnes,
730 3359 781 3434 qui
811 3379 894 3417 arma
922 3358 1003 3418 ferre
1025 3366 1163 3436 possent,

163 3462 257 3500 unum
284 3444 315 3501 in
341 3444 442 3502 locum
471 3445 683 3518 convenirent;
716 3445 796 3502 hunc
825 3463 893 3503 esse
923 3445 1075 3504 delectum
1101 3465 1164 3504 me-

115 3588 118 3595 ,
164 3528 247 3586 dium
268 3528 334 3588 fere
355 3531 513 3607 regionum
535 3550 647 3605 earum,
671 3549 747 3605 quas
777 3530 869 3589 Svevi
897 3531 1082 3605 obtinerent;
1113 3531 1164 3590 hic

162 3615 369 3674 Romanorum
410 3615 573 3675 adventum
607 3622 767 3693 expectare
806 3623 897 3691 atque
929 3616 971 3674 ibi
1005 3617 1164 3676 decertare

164 3701 367 3760 constituisse.
415 3701 503 3773 Quod
525 3702 577 3760 ubi
602 3700 706 3759 Caesar
728 3702 882 3779 comperit,
908 3701 1046 3760 omnibus
1069 3703 1163 3762 rebus

162 3786 200 3844 iis
234 3787 398 3863 confectis,
434 3807 561 3862 quarum
593 3806 695 3846 rerum
728 3806 821 3846 causa
853 3787 1014 3846 traducere
1048 3789 1164 3847 exerci-

162 3879 226 3929 tum
249 3873 461 3948 constituerat,
489 3878 524 3931 ut
541 3872 701 3931 Germanis
727 3879 841 3932 metum
868 3872 1020 3949 injiceret,
1049 3873 1163 3933 111811-

164 3958 307 4033 gambros
328 3960 537 4035 ulcisceretur,
561 3965 595 4016 ut
616 3958 713 4017 Ubios
737 3958 894 4017 obsidione
916 3959 1070 4035 liberaret,
1100 3958 1163 4020 die-
