2670 4456
574 280 695 334 LIBER
716 281 761 333 VI.

522 984 704 1063 LlBllR
739 985 803 1064 Vl.

161 1101 285 1216 Multis
308 1157 347 1215 de
371 1157 472 1215 causis
497 1155 600 1215 Oaesar
622 1157 767 1231 majorem
790 1157 898 1215 (talliae
923 1172 1036 1215 motum
1059 1175 1168 1233 expec-

160 1254 229 1304 tans
252 1263 308 1320 per
329 1243 371 1300 M.
393 1243 537 1315 Silanum,
563 1243 599 1300 Gr.
613 1243 779 1300 Antistium
798 1243 958 1319 Reginum,
982 1242 1016 1299 Τ.
1031 1241 1168 1299 Sextium

160 1332 281 1408 legatos
312 1328 455 1386 dilectum
483 1328 596 1387 habere
630 1328 779 1388 instituit:
811 1329 898 1386 simul
934 1330 971 1386 ab
997 1328 1054 1386 Gn.
1079 1328 1168 1385 Pom-

161 1416 232 1495 pejo
255 1414 438 1491 proconcule
461 1414 548 1489 petit,
573 1414 714 1487 quoniam
743 1414 809 1490 ipse
833 1415 871 1471 ad
895 1415 1001 1471 urbem
1024 1433 1092 1471 cum
1113 1413 1168 1469 im-

161 1501 246 1578 perio
277 1499 322 1556 rei
349 1500 480 1574 publicae
511 1519 604 1556 causa
632 1509 810 1573 remaneret,
840 1520 916 1574 quos
948 1520 985 1557 ex
1015 1498 1170 1574 Cisalpina

155 1586 265 1646 -Gallja
289 1585 394 1642 consul
421 1585 447 1642 is
477 1592 669 1643 sacramento
699 1585 888 1661 rogavisset,
920 1585 958 1642 ad
987 1585 1075 1659 signa
1098 1604 1168 1641 con-

163 1673 266 1731 venire
290 1678 320 1728 et
343 1669 382 1727 ad
405 1690 438 1728 se
460 1668 613 1746 proficisci
629 1670 765 1744 juberet,
790 1671 892 1745 magui
908 1671 1058 1727 interesse
1078 1669 1169 1726 etiam

161 1759 192 1816 in
231 1755 379 1830 reliquum
414 1766 533 1832 tempus
569 1755 607 1813 ad
642 1755 813 1832 opinionem
843 1756 950 1813 Galliae
991 1754 1168 1812 existimans

161 1849 263 1901 tantas
287 1841 383 1899 videri
406 1842 505 1899 Italiae
529 1841 702 1914 facultates,
727 1849 769 1913 ut,
795 1841 821 1898 si
844 1841 917 1915 quid
940 1847 1023 1898 esset
1040 1839 1168 1897 inbelle

162 1927 335 1986 detrimenti
358 1936 526 2002 acceptum,
557 1946 617 1984 non
639 1926 728 1985 modo
751 1927 783 1983 id
801 1928 886 1985 brevi
909 1938 1045 2003 ternpore
1070 1944 1169 1982 resar-

163 2013 226 2086 ciri,
251 2012 306 2070 sed
329 2012 419 2070 etiarn
442 2012 607 2087 majoribus
632 2012 774 2088 adaugeri
800 2013 894 2089 copiis
917 2020 1031 2089 posset.
1081 2009 1170 2081 Quod

165 2118 257 2173 quum
279 2097 444 2174 Pompejus
480 2105 510 2155 et
540 2099 584 2155 rei
617 2099 747 2174 publicae
778 2108 807 2156 et
837 2098 976 2156 amicitiae
1000 2097 1169 2167 tribuisset,

164 2184 303 2242 celeriter
326 2182 464 2241 confecto
487 2203 542 2260 per
566 2203 638 2240 suos
662 2183 784 2247 dilectu,
809 2185 908 2241 tribus
938 2189 1007 2240 ante
1032 2188 1171 2238 exactam

164 2269 293 2327 hiemem
321 2276 352 2326 et
375 2269 548 2326 constitutis
579 2276 609 2325 et
637 2269 778 2326 adductis
807 2268 977 2343 legionibus
1002 2267 1170 2342 duplicato-

165 2374 223 2428 que
247 2374 349 2412 earum
373 2355 540 2412 cohortium
563 2373 696 2426 munere,
721 2372 796 2427 quas
820 2373 889 2410 cum
908 2351 1073 2421 ontrario
1098 2350 1170 2407 ami-

165 2448 256 2512 serat,
281 2447 311 2498 et
334 2439 487 2497 celeritate
512 2447 542 2496 et
565 2439 660 2515 copiis
685 2438 796 2511 docuit,
821 2438 894 2512 quid
918 2437 1023 2513 populi
1040 2435 1170 2493 Romani

167 2524 329 2602 disciplina
352 2538 443 2599 atque
466 2544 539 2601 opes
562 2531 697 2601 possent.

253 2610 297 2667 II.
343 2610 511 2668 interfecto
535 2610 753 2683 Indutiomam,
784 2617 817 2666 ut
842 2608 1009 2682 docuimus
1042 2606 1081 2664 ad
1104 2606 1170 2681 ejus

165 2696 351 2772 propinquos
375 2716 393 2752 a
415 2695 549 2754 Treviris
572 2695 732 2772 imperium
755 2694 900 2752 defertur.
954 2693 1005 2752 Illi
1027 2690 1171 2750 finitimos

166 2779 335 2838 Germanos
359 2781 523 2840 sollicitare
547 2796 577 2838 et
599 2782 758 2857 pecuniam
770 2781 908 2858 polliceri
926 2801 986 2838 non
1003 2779 1169 2845 desistunt,

167 2886 259 2940 quum
293 2866 330 2924 ab
359 2867 504 2943 proximis
538 2867 700 2943 impetrare
740 2887 801 2924 non
834 2876 977 2942 possent,
1011 2863 1171 2921 ulteriores

165 2957 294 3009 tentant.
340 2952 480 3010 Inventis
503 2953 655 3010 nonnullis
679 2952 854 3010 civitatibus
870 2948 1070 3026 jurejurando
1093 2947 1172 3003 inter

167 3055 200 3094 se
224 3035 403 3094 confirmant
425 3037 643 3111 obsidibusque
672 3037 709 3095 de
737 3037 866 3114 pecunia
895 3042 1018 3106 cavent,
1047 3031 1171 3090 Ambio-

166 3122 261 3197 rigem
285 3121 343 3181 sibi
366 3123 512 3181 societate
536 3136 566 3181 et
589 3122 704 3180 foedere
724 3123 903 3198 adjungunt.
945 3119 1062 3190 Quibus
1079 3117 1171 3174 rebus

169 3207 298 3282 cognitis
322 3206 428 3266 Caesar
462 3228 554 3282 quum
587 3207 720 3281 undique
759 3207 873 3265 bellum
906 3205 1006 3282 parari
1042 3203 1170 3274 videret,

166 3291 306 3365 Nervios,
330 3293 519 3363 Aduatucos,
543 3292 701 3368 Menapios
725 3292 876 3368 adjimctis
891 3290 1086 3349 Cisrhenanis
1110 3309 1171 3346 orn-

165 3378 255 3436 nibus
280 3378 440 3436 Germanis
471 3397 540 3436 esse
563 3378 594 3435 in
618 3378 725 3450 armis,
756 3377 893 3435 Senones
926 3377 965 3434 ad
991 3375 1172 3453 imperatum

167 3483 226 3520 uon
262 3463 364 3522 venire
399 3472 429 3521 et
463 3484 531 3521 cum
561 3461 745 3520 Carnutibus
777 3461 974 3538 finitimisque
998 3460 1172 3519 civitatibus

168 3549 295 3606 consilia
318 3550 549 3621 communicare,
583 3548 756 3607 aTreviris
786 3548 956 3607 Germanos
985 3544 1101 3604 crebris
1129 3543 1171 3599 le-

166 3634 340 3708 gationibus
364 3633 532 3707 sollicitari,
556 3633 703 3692 maturius
727 3633 785 3691 sibi
809 3633 949 3692 debello
973 3627 1167 3706 cogitandum

167 3719 298 3794 putavit.
728 3727 733 3734 '

253 3804 316 3861 ΠΙ.
362 3804 472 3877 Itaque
502 3804 636 3862 nondum
663 3804 761 3862 hieme
791 3803 931 3862 confecta
958 3797 1103 3877 proximis
1126 3797 1172 3855 IV

169 3889 282 3947 coactis
304 3889 475 3965 legionibus
499 3888 536 3946 de
558 3889 723 3966 improviso
746 3890 778 3947 in
800 3888 876 3946 fines
898 3885 1080 3946 Nerviorum
1103 3903 1172 3941 con-

168 3973 267 4032 tendit
301 3982 340 4048 et,
375 3974 552 4051 priusquam
581 3974 625 4032 illi
656 3988 707 4033 aut
735 3974 899 4032 convenire
927 3979 979 4029 aut
1007 3968 1172 4048 profugere

967 4067 1002 4120 ’μ’
