2670 4456
558 934 741 1016 LIBBB
778 936 807 1018 l.

190 1087 202 1130 ¹r

68 1209 70 1213 Ι
171 1090 304 1196 illunis
329 1144 377 1196 est
400 1137 497 1195 omnis
528 1136 627 1196 divisa
655 1138 686 1195 in
714 1146 817 1215 partes
848 1146 921 1214 tres,
957 1157 1084 1216 quarum
1112 1158 1205 1199 unam

169 1223 305 1282 incolunt
337 1222 458 1301 Belgae,
494 1222 585 1282 aliam
618 1221 778 1299 Aquitani,
813 1225 947 1300 tertiam,
983 1225 1047 1301 qui
1067 1225 1204 1303 ipsorum

170 1309 274 1386 lingva
297 1307 402 1383 Geltae,
425 1315 531 1368 nostra
554 1308 636 1368 Galli
659 1309 859 1387 appellantur.
904 1310 947 1369 Hi
966 1329 1070 1370 onmes
1087 1311 1202 1389 lingva,

170 1395 327 1470 institutis,
356 1395 475 1471 legibus
506 1394 585 1454 inter
613 1413 647 1454 se
669 1393 823 1454 differunt.
878 1395 983 1456 Gallos
1014 1397 1051 1455 ab
1075 1397 1202 1472 Aquita-

170 1482 217 1539 nis
247 1481 402 1540 Garumna
431 1478 552 1555 flumen,
582 1501 600 1539 a
627 1478 733 1556 Belgis
763 1479 905 1540 Matrona
935 1492 964 1541 et
987 1480 1129 1557 Sequana
1159 1481 1203 1541 di·

171 1566 255 1625 vidit.
312 1567 429 1624 Horum
457 1565 589 1624 omnium
616 1563 774 1624 tortissimi
802 1573 874 1625 sunt
895 1567 1012 1644 Belgae,
1040 1575 1219 1645 propterea¹

171 1651 252 1726 quod
291 1672 308 1710 a
345 1651 428 1710 cultu
468 1658 558 1727 atque
596 1650 783 1710 humanitate
821 1652 986 1729 provinciae
1026 1652 1204 1729 longissime
1284 1712 1292 1729 ,

171 1739 295 1811 absimt,
330 1737 511 1812 minimeque
546 1736 584 1796 ad
618 1756 670 1795 ecs
697 1744 883 1796 mercatores
918 1757 1000 1815 saepe
1035 1746 1205 1799 commeant

170 1830 261 1899 atque
295 1843 340 1897 ea,
375 1842 442 1899 quae
477 1821 516 1881 ad
551 1819 771 1882 effeminandos
806 1824 922 1883 animos
952 1823 1114 1901 pertinent,
1149 1824 1203 1883 im-

169 1916 301 1985 portant,
336 1909 524 1986 proximique
552 1915 625 1967 sunt
654 1907 828 1984 Germanis,
864 1910 916 1985 qui
949 1916 1034 1968 trans
1062 1909 1204 1968 Rhenum

169 1994 313 2069 incolunt,
349 1995 529 2070 quibuscum
559 1994 748 2054 continenter
776 1995 889 2054 bellum
919 2001 1042 2073 gerunt3
1078 2015 1138 2071 qua
1166 1994 1204 2054 de

169 2100 262 2139 causa
284 2079 420 2139 Helvetii
443 2099 563 2156 quoque
584 2079 719 2156 reliquos
743 2079 848 2140 Gallos
879 2081 993 2140 virtute
1015 2080 1203 2159 praecedunt,

170 2166 250 2240 quod
278 2165 343 2224 fere
372 2164 556 2241 quotidianis
585 2165 700 2243 proeliis
729 2185 798 2225 cum
821 2166 982 2226 Germanis
1006 2165 1202 2240 contendunt,

169 2270 262 2325 quum
291 2259 342 2310 aut
370 2250 434 2310 suis
464 2249 576 2309 finibus
605 2270 657 2311 eos
687 2251 858 2329 prohibent,
891 2261 943 2312 aut
965 2252 1024 2329 ipsi
1046 2252 1078 2310 in
1101 2271 1204 2311 eorum

169 2334 279 2394 finibus
308 2336 421 2395 bellum
448 2344 566 2412 gerunt.
623 2336 737 2396 Eorum
764 2358 825 2397 una
852 2357 941 2416 pars,
976 2356 1066 2413 quam
1097 2335 1203 2396 Gallos

170 2423 305 2480 obtinere
333 2420 447 2480 dictum
475 2427 538 2497 est,
573 2421 691 2481 initium
719 2423 801 2501 capit
835 2444 852 2483 a
884 2421 1007 2482 flumine
1036 2421 1201 2496 Rhodano;

170 2508 341 2566 continetur
372 2507 527 2566 Garumna
555 2505 688 2583 flumine,
719 2508 850 2584 Oceano,
881 2508 993 2568 finibus
1022 2508 1202 2584 Belgarum3

169 2594 290 2672 attingit
318 2593 409 2653 etiarn
438 2594 476 2652 ab
500 2592 650 2669 Sequanis
679 2606 709 2653 et
731 2594 883 2655 Helvetiis
911 2593 1022 2654 flumen
1044 2593 1201 2663 Rhenum

168 2681 268 2757 vergit
306 2680 347 2739 ad
388 2680 621 2757 septentriones.
684 2679 790 2756 Belgae
830 2681 868 2739 ab
909 2680 1051 2740 extremis
1094 2677 1202 2738 Galliae

168 2764 279 2825 finibus
314 2765 465 2838 oriuntur;
501 2765 655 2843 pertinent
689 2764 728 2823 ad
760 2764 933 2825 inferiorem
960 2772 1078 2844 partem
1105 2762 1202 2822 flumi-

168 2851 214 2908 nis
237 2851 351 2923 Rheni;
381 2858 523 2929 spectant
550 2851 581 2909 in
609 2851 832 2928 septentriones
861 2859 892 2910 et
920 2852 1066 2911 orientem
1096 2849 1200 2908 solem.

169 2936 334 3012 Aquitania
368 2957 385 2995 a
415 2936 571 2996 Garumna
603 2934 725 2995 flumine
760 2937 798 2995 ad
824 2937 991 3014 Pyrenaeos
1018 2942 1137 2995 montes
1171 2941 1203 2993 et

168 3040 235 3079 eam
262 3029 381 3100 partem
410 3021 539 3096 Oceani,
575 3041 642 3097 quae
677 3028 725 3080 est
754 3021 793 3080 ad
822 3023 1019 3101 Hispaniam,
1052 3020 1199 3099 pertinet,

169 3114 289 3184 spectat
311 3108 390 3168 inter
413 3127 555 3171 occasum
579 3107 651 3166 solis
676 3115 706 3166 et
728 3109 961 3185 septentriones.

254 3193 298 3252 II.
343 3194 436 3273 Apud
463 3193 623 3253 Helvetios
652 3192 742 3270 longe
769 3194 976 3254 nobilissimus
1003 3192 1062 3251 luit
1095 3199 1126 3251 et
1156 3190 1201 3250 di-

168 3278 304 3338 tissimus
334 3279 505 3358 Orgetorix.
556 3279 590 3338 Is
620 3277 662 3336 Μ.
693 3278 829 3338 Messala
857 3287 888 3338 et
913 3280 955 3338 M.
979 3279 1092 3338 Pisone
1120 3295 1200 3336 coss.

167 3365 252 3440 regni
288 3365 454 3443 cupiditate
487 3363 629 3423 inductus
659 3363 899 3440 conjurationem
927 3365 1094 3425 nobilitatis
1127 3361 1202 3422 fecit

168 3455 198 3506 et
231 3451 349 3511 civitati
382 3450 544 3528 persuasit,
580 3457 614 3509 ut
648 3449 686 3509 de
715 3449 827 3509 finibus
862 3452 925 3510 suis
960 3471 1028 3510 cum
1062 3448 1201 3508 omnibus

168 3536 263 3612 copiis
303 3536 432 3610 exirent;
474 3534 619 3614 perfacile
660 3554 743 3611 esse,
784 3556 875 3611 quum
914 3538 1027 3596 virtuts
1062 3533 1200 3593 omuibus

166 3628 366 3696 praestarent,
401 3620 495 3680 totius
525 3620 633 3680 Galliae
662 3621 787 3699 imperio
818 3623 918 3700 potiri.
975 3620 1014 3681 Id
1040 3620 1098 3678 hoc
1126 3615 1200 3676 faci-

166 3705 225 3765 lius
259 3706 297 3766 iis
330 3707 498 3785 persvasit,
539 3705 620 3783 quod
658 3706 792 3783 undique
831 3708 891 3767 loci
923 3703 1048 3768 natura
1065 3702 1201 3764 Helvetii

167 3792 374 3869 continentur,
404 3812 466 3851 una
494 3811 531 3851 ex
553 3799 640 3870 parte
662 3791 784 3852 flumine
806 3793 914 3853 Rheno
937 3792 1085 3853 latissimo
1109 3795 1200 3864 atque

167 3875 323 3955 altissimo,
354 3880 405 3955 qui
434 3898 540 3955 agrum
568 3877 744 3938 Helvetium
773 3899 790 3937 a
819 3878 980 3940 Germanis
1009 3876 1128 3950 dividit,
1157 3873 1200 3931 al-

979 3979 994 4031 1
