2670 4456
163 262 204 319 36
472 253 526 306 DE
543 251 670 306 BELLO
689 251 859 306 GALLIGO

162 448 268 507 tudine
312 447 428 506 itineris
472 447 569 506 nostri
614 448 765 507 exercitus
809 454 971 525 perspecta
1003 454 1093 506 nocte
1128 447 1168 506 ad

162 534 296 594 Nervios
318 540 638 611 perveneruutatque
659 534 698 592 iis
721 533 968 593 demonstrarunt
996 533 1076 591 inter
1104 532 1167 592 sin-

162 620 251 697 gulas
273 620 408 697 legiones
430 618 713 697 impedimentorum
734 640 877 696 magnum
899 638 1057 678 numerum
1074 619 1167 678 inter·

163 705 273 765 cedere
295 725 392 781 neque
416 725 485 765 esse
502 705 665 781 quicquam
691 706 815 782 negotii,
847 726 939 781 quum
968 704 1066 783 prima
1087 704 1167 781 legio

162 792 195 850 in
217 797 320 851 castra
341 792 478 851 venisset
505 791 690 867 reliquaeque
714 791 850 869 legiones
869 810 1012 867 magnum
1033 791 1168 868 spatium

166 879 320 952 abessent,
354 877 433 936 hanc
465 878 522 936 sub
552 877 680 935 sarcinis
711 877 837 950 adoriri,
867 897 928 952 qua
955 877 1045 954 pulsa
1072 876 1167 954 impe-

163 961 367 1038 dimentisque
390 963 517 1041 direptis
540 961 688 1037 futurum,
716 970 751 1021 ut
777 963 903 1038 reliquae
933 969 1039 1021 contra
1068 963 1167 1022 consi-

162 1055 244 1108 stere
266 1069 327 1107 non
350 1047 506 1108 auderent.
551 1047 730 1124 Adjuvabat
752 1049 843 1108 etiam
866 1067 970 1106 eorum
998 1047 1167 1122 consilium,

163 1135 301 1209 quirem
324 1132 513 1208 deferebant,
537 1134 619 1209 quod
640 1134 745 1194 Nervii
769 1134 946 1210 antiquitus,
969 1154 1062 1209 quum
1084 1134 1167 1209 equi-

162 1226 230 1279 tatu
250 1220 325 1278 nihil
347 1227 473 1296 possent
505 1218 615 1295 (neque
648 1220 727 1278 enim
760 1220 800 1278 ad
831 1221 889 1278 hoc
922 1228 1042 1296 tempus
1073 1220 1101 1278 ei
1124 1219 1168 1277 rei

163 1305 297 1377 student,
327 1305 392 1379 sod,
422 1304 566 1381 quicquid
593 1312 731 1383 possunt,
760 1305 956 1383 pedestribus
984 1305 1089 1364 valent
1117 1325 1166 1363 co·

163 1391 246 1469 piis),
278 1412 337 1466 quo
370 1390 490 1449 facilius
524 1389 719 1449 finitimorum
742 1392 919 1467 equitatum,
954 1391 981 1450 si
1007 1391 1167 1468 praedandi

165 1497 259 1536 causa
299 1477 339 1535 ad
379 1496 431 1536 eos
464 1477 610 1551 venisset,
639 1477 830 1554 impedirent,
870 1477 984 1536 teneris
1007 1477 1167 1535 arboribus

162 1563 268 1622 incisis
294 1569 386 1638 atque
408 1562 439 1621 in
461 1562 653 1621 latitudinem
675 1563 768 1622 ramis
791 1562 889 1621 enatis
912 1571 942 1621 et
964 1563 1050 1620 rubis
1073 1562 1167 1621 senti·

161 1648 281 1725 busque
313 1647 483 1725 interjectis
517 1646 692 1723 effecerant,
726 1657 761 1707 ut
783 1649 881 1707 instar
900 1649 977 1707 muri
1000 1648 1047 1706 hae
1077 1667 1168 1726 sepes

162 1735 346 1812 praeberent,
381 1754 440 1810 quo
472 1754 532 1793 non
565 1734 654 1793 modo
689 1732 768 1807 [non]
802 1734 918 1809 intrari,
949 1734 1005 1793 sed
1032 1754 1071 1792 ne
1099 1753 1168 1811 per-

162 1820 240 1898 spici
273 1819 395 1897 quidem
427 1827 542 1898 posset.
603 1820 662 1880 His
695 1821 787 1879 rebus
821 1840 920 1896 quum·
945 1821 1005 1879 iter
1037 1820 1167 1896 agminis

162 1906 261 1964 nostri
303 1905 510 1983 impediretur,
555 1925 616 1964 non
660 1905 860 1964 omittendum
905 1905 963 1964 sibi
1008 1905 1169 1964 consilium

161 1990 270 2050 Nervii
292 1990 551 2052 existimaverunt.

248 2076 374 2136 XVIII.
419 2077 495 2136 Loci
517 2083 626 2135 natura
648 2082 714 2135 erat
735 2077 811 2151 haec,
836 2097 926 2152 quem
948 2077 1048 2135 locum
1070 2075 1168 2134 nostri

163 2162 274 2222 castris
297 2162 484 2238 delegerant.
531 2161 624 2221 Oollis
648 2163 685 2221 ab
709 2182 824 2220 summo
854 2162 1012 2238 aequaliter
1041 2162 1167 2221 declivis

163 2247 203 2307 ad
225 2246 337 2307 flumen
365 2247 477 2322 Sabim,
512 2247 594 2325 quod
627 2267 719 2326 supra
746 2249 977 2323 nominavimus,
1009 2249 1166 2325 vergebat.

161 2334 211 2394 Ab
235 2354 269 2393 eo
292 2333 415 2394 flumine
437 2334 504 2412 pari
526 2333 699 2395 acclivitate
722 2334 808 2393 collis
836 2334 1030 2409 nascebatur,
1059 2332 1166 2394 adver-

163 2439 216 2479 sus
238 2421 309 2480 huic
339 2428 370 2479 et
399 2420 580 2496 contrarius,
608 2439 720 2498 passus
754 2420 875 2480 circiter
909 2419 1067 2493 ducentos,
1100 2417 1166 2477 infi-

163 2525 231 2564 mus
255 2513 389 2583 apertus,
414 2507 452 2564 ab
481 2506 638 2583 superiore
665 2514 753 2584 parte
782 2505 942 2579 1111111111,
971 2511 1005 2563 11
1032 2525 1094 2564 non
1122 2504 1166 2562 fa·

164 2590 220 2649 cile
241 2591 392 2649 introrsus
413 2591 546 2669 perspici
575 2598 689 2669 posset.
740 2591 828 2650 Intra
858 2611 910 2650 111
938 2590 1032 2649 silvas
1060 2592 1166 2649 hostes

163 2675 195 2733 in
217 2675 335 2734 occulto
359 2694 428 2735 sese
456 2677 665 2750 continebant;
700 2677 731 2734 in
765 2683 871 2754 aperto
900 2677 968 2734 loco
1000 2676 1167 2735 secundum

163 2758 275 2820 fiumen
297 2780 402 2838 paucae
432 2761 579 2819 stationes
608 2762 743 2837 equitum
772 2761 964 2821 videbantur.
1016 2761 1166 2820 Fluminis

164 2853 230 2906 1111
252 2846 380 2904 altitudo
403 2845 515 2923 pedum
538 2846 658 2905 circiter
679 2847 779 2906 trium.

248 2931 341 2991 XIX.
377 2930 481 2990 Oaesar
503 2931 639 3008 equitatu
660 2933 819 3010 praemisso
842 2934 1085 3008 subsequebatur
1103 2953 1166 2992 cm-

163 3017 254 3077 nibus
277 3017 386 3095 copiis;
411 3016 467 3076 sed
488 3017 565 3076 ratio
589 3017 723 3093 ordoque
746 3018 873 3096 agminis
902 3018 990 3078 aliter
1012 3038 1045 3077 11
1073 3018 1165 3077 habe·
1238 3017 1240 3022 ’

163 3104 227 3179 bat,
251 3123 287 3162 ac
309 3103 414 3180 Belgae
438 3103 477 3162 ad
498 3103 629 3163 Nervios
653 3103 833 3163 detulerant.
879 3103 958 3163 Nam
981 3103 1063 3179 quod
1084 3104 1166 3163 hosti

164 3188 437 3266 appropinquabat,
470 3188 687 3249 consuetudine
721 3209 777 3249 sua
806 3188 909 3249 Oaesar
943 3209 996 3247 sex
1029 3189 1165 3265 legiones

165 3273 325 3351 expeditas
358 3273 489 3333 ducebat
496 3295 503 3348 ;
537 3280 609 3352 post
642 3294 694 3333 111
727 3275 821 3334 totius
855 3275 1006 3334 exercitus
1039 3275 1165 3353 impedi-

164 3366 268 3418 menta
290 3359 467 3434 collocarat;
491 3360 562 3420 inde
586 3360 653 3418 duae
676 3360 821 3437 legiones,
846 3380 913 3435 quae
935 3360 1072 3436 proxime
1095 3381 1165 3419 con·

165 3444 288 3522 scriptae
311 3451 406 3520 erant,
430 3451 528 3504 totum
550 3465 658 3522 agmen
681 3444 863 3504 claudebant
884 3444 1088 3523 praesidioque
1110 3446 1165 3504 im·

164 3529 347 3608 pedimentis
370 3537 466 3588 erant.
511 3531 641 3606 Equites
662 3530 759 3589 nostri
787 3550 856 3589 cum
882 3529 1089 3589 funditoribus
1117 3551 1165 3590 sa-

164 3615 357 3694 gittariisque
391 3613 504 3675 flumen
535 3616 720 3692 transgressi
754 3635 822 3674 cum
862 3616 995 3675 hostium
1029 3615 1166 3690 equitatu

164 3702 304 3779 proelium
326 3700 549 3760 commiserunt.
596 3700 696 3771 Quum
729 3720 762 3760 se
791 3701 835 3760 illi
860 3700 1027 3760 identidem
1054 3701 1085 3759 in
1115 3703 1165 3760 sil-

165 3806 220 3847 vas
244 3786 283 3847 ad
305 3806 376 3846 suos
404 3787 575 3864 reciperent
608 3806 644 3845 ac
676 3805 783 3845 rursus
816 3807 854 3845 ex
887 3786 966 3846 silva
987 3786 1021 3843 in
1042 3780 1165 3847 nostros

164 3872 310 3951 impetum
343 3871 489 3948 facerent,
523 3891 622 3947 neque
654 3873 752 3930 nostri
783 3872 916 3949 longius,
951 3890 1041 3947 quam
1075 3892 1166 3948 quem

166 3957 206 4016 ad
227 3956 318 4017 finem
339 3965 482 4036 porrecta
504 3953 560 4031 [ac]
583 3957 651 4018 loca
673 3954 799 4039 [aperta]
822 3954 1024 4035 pertinebant,
1055 3958 1165 4018 ceden-
