2670 4456
186 271 225 327 78
492 261 545 314 DE
563 257 691 313 BELLO
709 258 888 314 GALLICO.
924 344 928 349 Ι

183 476 279 516 naves
301 456 474 530 revertitur,
503 455 610 514 eadem
632 452 707 528 fere,
731 473 799 529 quae
823 475 860 513 ex
881 455 997 513 nuntiis
1019 455 1191 530 litterisque

184 548 379 619 cognoverat,
403 562 505 599 coram
526 541 683 619 perspicit,
707 540 751 599 sie
773 552 808 598 ut
837 540 959 599 amissis
988 541 1109 600 circiter
1129 541 1191 599 XL

182 629 313 687 navibus
336 627 462 702 reliquae
491 635 593 685 tamen
625 623 711 684 refici
738 645 831 703 posse
860 647 970 702 magno
999 626 1122 702 negotio
1145 627 1190 687 vi-

184 714 338 772 derentur.
394 713 504 788 Itaque
538 733 576 771 ex
608 711 780 788 legionibus
813 711 920 770 fabros
954 712 1060 788 deligit
1093 719 1124 770 et
1153 731 1192 770 ex

184 799 350 858 continenti
372 799 448 856 alios
467 799 583 857 arcessi
601 797 706 873 jubet,
730 797 868 856 Labieno
892 798 1008 871 scribit,
1032 806 1075 867 ut,
1100 817 1192 872 quam

183 885 330 962 plurimas
364 885 478 961 possit,
512 885 551 942 iis
579 883 769 960 legionibnS,
805 902 872 958 quae
901 891 973 942 sunt
1002 883 1082 960 apud
1111 903 1190 955 eum,

183 990 278 1030 naves
301 970 450 1027 instituat.
484 970 569 1046 Ipse,
593 969 652 1028 etsi
674 989 724 1026 res
748 977 814 1026 erat
835 969 940 1028 multae
963 989 1064 1046 operae
1088 989 1123 1027 ac
1146 969 1190 1026 la-

183 1056 276 1127 boris,
299 1063 401 1113 tamen
424 1055 700 1114 commodissimum
730 1074 798 1112 esse
826 1055 936 1112 statuit
962 1074 1067 1112 omnes
1094 1074 1191 1113 naves
1215 1118 1221 1122 ,

184 1141 313 1199 subduci
336 1149 456 1199 etcum
480 1141 590 1198 castris
611 1161 672 1198 una
694 1140 860 1197 munitione
883 1139 1036 1216 conjungi.
1080 1139 1119 1197 In
1141 1139 1190 1198 his

183 1228 277 1286 rebus
314 1226 434 1284 circiter
467 1226 533 1283 dies
562 1225 668 1283 decern
696 1225 846 1283 consumit
873 1246 912 1283 ne
939 1226 1096 1284 nocturnis
1124 1226 1190 1300 qui-

183 1312 252 1370 dem
273 1312 461 1388 temporibus
484 1311 524 1369 ad
553 1310 689 1369 laborem
716 1311 845 1368 militnm
874 1311 1065 1370 intermissis.
1112 1310 1190 1369 Sub-

184 1396 284 1455 ductis
317 1397 448 1455 navibus
483 1397 655 1471 castrisque
689 1397 811 1472 egregie
838 1397 964 1455 munitis
993 1397 1117 1455 easdem
1140 1417 1189 1454 co-

183 1483 260 1560 pias,
285 1501 361 1557 quas
386 1490 466 1558 ante,
490 1481 634 1559 praesidio
656 1483 787 1540 navibus
809 1482 946 1557 reliquit;
976 1483 1044 1560 ipse
1073 1481 1189 1556 eodem,

183 1568 264 1626 unde
286 1567 434 1640 redierat,
461 1566 673 1645 proficiscitur.
718 1567 765 1625 Εο
794 1587 886 1642 quum
915 1569 1066 1642 venisset,
1095 1568 1190 1643 majo-

183 1673 233 1712 res
251 1653 317 1729 jam
338 1652 472 1727 undique
493 1654 525 1711 in
548 1673 616 1711 eum
638 1653 739 1712 locum
762 1653 857 1729 copiae
880 1654 1097 1712 Britannorum
1119 1673 1190 1712 oon-

182 1748 330 1798 venerant
364 1758 482 1797 summa
514 1738 633 1817 imperii
665 1737 799 1813 bellique
839 1738 1071 1798 administrandi
1110 1759 1190 1797 com-

183 1825 266 1882 muni
289 1824 413 1882 consilio
436 1825 586 1901 permissa
608 1823 848 1898 Cassiuellauno,
878 1825 965 1901 cujus
987 1824 1064 1883 fines
1087 1846 1105 1883 a
1127 1846 1190 1883 ma-

182 1910 291 1968 ritimis
314 1909 490 1968 civitatibus
520 1908 633 1968 fiumen
662 1909 785 1984 dividit,
820 1910 901 1985 quod
932 1911 1103 1988 appellatur
1131 1911 1190 1968 Ta·

183 1995 285 2068 mesia,
310 2015 328 2053 a
349 1994 426 2052 mari
448 1995 568 2053 circiter
589 1996 672 2053 milia
692 2014 840 2072 passuum
861 1996 995 2054 LXXX.
1036 1996 1116 2054 Huic
1139 2016 1189 2054 su-

181 2081 302 2158 periore
339 2087 476 2157 tempore
517 2100 585 2138 cum
623 2080 749 2155 reliquis
789 2081 965 2140 civitatibus
1005 2081 1191 2140 continentia

181 2167 263 2225 bella
289 2167 543 2239 intercesserant3
579 2165 634 2224 sed
668 2173 773 2224 nostro
802 2167 936 2226 adventu
963 2168 1093 2245 permoti
1120 2167 1189 2226 Bri-

181 2253 267 2311 tanni
289 2252 370 2310 hune
392 2252 449 2310 toti
471 2252 552 2311 bello
576 2252 763 2330 imperioque
786 2251 1001 2329 praefecerant.

267 2337 346 2396 XII.
379 2337 547 2396 Britanniae
570 2358 642 2415 pars
663 2338 790 2396 interior
813 2339 850 2396 ab
874 2338 912 2395 iis
935 2338 1087 2412 incolitur,
1111 2358 1188 2413 quos

181 2432 271 2482 natos
299 2424 332 2481 in
358 2423 458 2482 insula
491 2423 551 2501 ipsi
584 2423 728 2482 memoria
755 2423 911 2500 proditum
942 2424 1064 2497 dicunt;
1099 2424 1187 2482 mari·

181 2510 255 2567 tima
287 2528 360 2586 pars
383 2510 421 2567 ab
443 2509 491 2584 iis,
526 2509 578 2584 qui
610 2509 723 2587 praedae
753 2528 788 2566 ac
816 2509 890 2567 belli
916 2508 1067 2567 inferendi
1096 2528 1190 2568 causa

183 2614 220 2653 ex
247 2594 355 2670 Belgio
388 2595 587 2667 transierant;
623 2595 675 2669 qui
709 2614 814 2652 omnes
847 2593 912 2652 fere
946 2594 984 2653 iis
1017 2595 1189 2653 nominibus

183 2679 340 2738 civitatum
363 2679 564 2755 appellantur,
589 2680 699 2754 quibus
722 2680 781 2738 orti
804 2699 841 2738 ex
864 2680 1040 2740 civitatibus
1065 2701 1101 2739 eo
1119 2701 1189 2759 per-

183 2772 346 2837 venerunt,
376 2770 406 2822 et
434 2764 513 2822 bello
543 2764 628 2822 illato
657 2765 701 2822 ibi
729 2774 962 2843 permanserunt
985 2774 1076 2842 atque
1098 2786 1189 2843 agros

184 2851 283 2909 colere
305 2857 471 2926 coeperunt.
521 2850 685 2908 Hominum
714 2857 761 2909 est
789 2850 907 2909 infinita
933 2851 1095 2909 multitudo
1124 2872 1189 2910 ere-

182 2936 375 3010 berrimaque
403 2933 547 3009 aedificia,
582 2934 647 2994 fere
671 2935 797 2995 Gallicis
829 2937 1013 3011 consimilia,
1044 2957 1190 3015 pecorum

183 3041 311 3099 magnus
344 3041 497 3079 numerus.
543 3021 680 3080 Utuntur
713 3029 766 3080 aut
799 3042 859 3081 aare
887 3030 939 3081 aut
968 3022 1058 3081 taleis
1081 3021 1189 3082 ferreis

184 3107 224 3165 ad
246 3113 363 3165 certum
383 3106 503 3184 pondus
526 3107 707 3165 examinatis
729 3128 784 3185 pro
806 3113 939 3166 numme.
979 3107 1125 3167 Nascitur
1146 3109 1191 3168 ibi

182 3193 341 3269 plumbum
363 3192 465 3250 album
486 3192 518 3249 in
539 3191 770 3251 mediterraneis
792 3194 983 3270 regionibus,
1014 3195 1046 3252 in
1074 3194 1189 3252 mariti·
1239 3232 1241 3236 -

183 3277 241 3334 mis
275 3274 403 3349 ferrum,
439 3277 495 3335 sed
528 3276 595 3353 ejus
629 3278 739 3355 exigua
772 3286 820 3337 est
843 3280 944 3357 copia;
980 3299 1040 3338 aere
1062 3285 1190 3337 utuntur

182 3363 355 3439 importato.
411 3362 542 3421 Materia
575 3363 723 3439 cujusque
751 3365 874 3440 generis
897 3373 931 3422 ut
959 3365 991 3422 in
1014 3364 1114 3423 Gallia
1142 3373 1191 3423 est

182 3455 296 3526 praeter
317 3444 422 3522 fagum
444 3455 535 3523 atque
557 3449 697 3507 abietem.
748 3449 900 3526 Leporem
929 3456 960 3508 et
987 3450 1131 3527 gallinam
1160 3459 1191 3508 et

184 3551 322 3592 anserem
344 3539 469 3608 gustare
490 3531 539 3591 fas
561 3546 621 3592 non
642 3540 767 3611 putant;
790 3535 858 3594 haec
880 3542 983 3594 tamen
1014 3536 1099 3594 alunt
1126 3535 1191 3594 ani-

183 3619 225 3676 mi
246 3616 474 3695 voluptatisque
497 3638 600 3677 causa.
644 3620 729 3678 Loca
757 3627 829 3679 sunt
856 3621 1072 3699 temperatiora
1099 3641 1192 3696 quam

183 3703 214 3762 in
239 3704 340 3763 Gallia
361 3703 586 3763 remissioribus
608 3703 785 3782 frigoribus.

269 3789 365 3848 XHI.
399 3789 506 3848 Insula
522 3797 632 3847 natura
649 3790 807 3865 triquetra,
827 3791 915 3868 cujus
932 3812 1026 3851 unum
1043 3792 1125 3850 latus
1144 3798 1192 3850 est
1296 3830 1308 3836 -

185 3881 290 3933 contra
314 3874 452 3934 Galliam.
497 3873 600 3950 Hujus
622 3875 728 3934 lateris
751 3876 829 3935 altar
853 3878 993 3954 angulus,
1017 3878 1069 3953 qui
1087 3877 1192 3935 estad

185 3958 334 4035 Cantium,
359 3980 418 4036 quc
447 3959 513 4019 fere
543 3979 647 4020 omnes
676 3981 713 4019 ex
737 3961 837 4022 Gallia
866 3983 962 4022 naves
985 3963 1190 4041 appellmtur,
