2670 4456
193 261 253 318 132
490 250 542 303 DE
561 249 687 304 BELLO
707 248 877 304 GALLIGO

191 466 309 524 magnae
323 445 523 523 cognationis,
537 445 626 521 cujus
649 443 744 504 frater
762 445 940 503 Valetiacus
958 443 1095 521 proximo
1117 463 1195 502 enno

192 532 321 591 eundem
354 531 567 609 magistratum
594 531 741 608 gesserit,
784 531 941 590 civitatem
974 548 1043 588 esse
1077 547 1197 588 omnem

191 618 223 676 iu
246 617 347 691 armis,
372 616 503 677 divisum
526 624 675 691 senatum,
699 616 832 676 divisum
853 615 1009 694 populum,
1041 634 1115 673 suas
1145 635 1196 672 cu-

188 704 301 780 jusque
325 723 428 762 eorum
452 702 617 761 clientelas.
676 701 765 772 Quod
799 702 825 760 si
854 701 968 760 diutius
997 701 1098 760 alatur
1125 720 1196 759 con-

192 790 352 862 troversia,
387 787 462 862 fore,
497 788 542 846 uti
569 808 641 865 pars
676 808 744 846 cum
766 795 854 864 parte
877 787 1011 847 civitatis
1034 785 1196 863 confligat,

190 873 225 951 id
257 894 296 933 ne
330 874 458 947 accidat,
492 873 626 952 positum
658 874 690 931 in
724 873 791 949 ejus
820 873 978 949 diligentia
1006 879 1097 948 atque
1127 893 1198 930 auc·
1270 893 1273 897 ·

194 960 327 1018 toritate.

277 1045 439 1104 XXXIII.
476 1045 580 1104 Caesar
602 1046 660 1104 etsi
683 1066 701 1103 a
723 1045 804 1104 bello
823 1052 913 1120 atque
931 1044 1019 1102 hoste
1038 1042 1198 1102 discedere

193 1130 443 1190 detrimentosum
477 1151 545 1189 esse
580 1131 782 1205 existimabat,
816 1137 918 1188 tamen
951 1150 1012 1189 non
1041 1129 1197 1206 ignorans,

194 1224 307 1291 quanta
336 1237 373 1276 ex
396 1216 639 1276 dissensionibus
666 1215 857 1275 incommoda
887 1216 958 1274 oriri
988 1222 1198 1289 consuessent,

193 1323 231 1360 ne
254 1310 339 1361 tanta
362 1310 393 1361 et
414 1311 478 1361 tam
500 1301 663 1379 conjuncta
684 1302 797 1379 populo
817 1302 955 1359 Romano
974 1300 1093 1375 civitas,
1107 1320 1199 1376 quam

193 1388 259 1465 ipse
283 1408 404 1466 semper
426 1388 553 1446 aluisset
575 1388 774 1463 omnibusque
796 1389 889 1446 rebus
912 1394 1061 1458 ornasset,
1085 1385 1199 1445 advim

195 1479 286 1548 atque
309 1493 393 1532 arma
416 1473 624 1548 descenderet,
649 1481 740 1548 atque
764 1494 800 1532 ea
822 1493 904 1550 pars,
929 1492 997 1547 quae
1020 1473 1120 1531 minus
1140 1471 1199 1530 sibi

196 1556 371 1633 confideret,
396 1559 508 1618 auxilia
531 1581 549 1618 a
567 1559 820 1636 Vercingetorige
851 1566 1030 1633 arcesseret,
1062 1557 1132 1616 huic
1155 1556 1200 1615 rei

194 1644 441 1720 praevertendum
464 1645 650 1704 existimavit
678 1654 724 1719 et,
750 1644 829 1720 quod
860 1645 980 1722 legibus
1010 1642 1201 1702 Haeduorum

194 1729 242 1802 iis,
267 1730 318 1805 qui
342 1750 493 1790 summum
521 1732 734 1808 magistratum
763 1730 951 1804 obtinerent,
982 1728 1132 1788 excedere
1162 1748 1200 1787 cx

194 1814 306 1874 finibus
327 1837 388 1875 non
410 1817 526 1891 liceret,
549 1837 588 1875 ne
611 1816 684 1892 quid
706 1815 833 1893 dejure
857 1822 909 1874 eut
933 1815 971 1874 de
998 1815 1120 1891 legibus
1150 1833 1200 1872 eo-

195 1920 261 1958 rmn
284 1901 469 1961 deminuisse
491 1902 656 1977 videretur,
680 1903 747 1978 ipse
769 1903 801 1960 in
812 1900 949 1960 Haeduos
962 1899 1115 1979 proficisci
1138 1906 1200 1958 sta·

194 1985 254 2042 tuit
276 1993 476 2062 senatumque
499 2007 618 2046 omnem
641 1995 671 2046 et
689 2008 765 2063 quos
783 1988 863 2046 inter
881 1986 1089 2046 controversia
1107 1991 1200 2059 esset,

197 2069 236 2128 ad
259 2089 292 2129 se
320 2071 479 2130 Decetiam
509 2073 657 2132 evocavit.
712 2073 812 2144 Quum
839 2092 935 2151 prope
965 2073 1062 2130 omnis
1091 2070 1202 2130 civibus

198 2175 232 2214 eo
269 2158 479 2232 convenisset,
515 2158 737 2234 docereturque
771 2159 878 2237 paucis
914 2157 992 2217 clam
1021 2156 1200 2217 convocatis

198 2241 255 2301 alio
278 2243 355 2318 loco,
380 2244 437 2302 alio
461 2251 607 2322 tempore,
631 2253 723 2320 atque
747 2244 924 2323 oportuerit,
948 2242 1075 2302 tratrem
1098 2262 1116 2300 a
1138 2240 1201 2300 fra·

197 2336 244 2387 tre
266 2330 483 2405 renuntiatum,
508 2350 601 2406 quum
623 2331 708 2407 leges
739 2330 798 2388 duo
829 2349 866 2388 ex
895 2349 955 2388 una
984 2327 1100 2388 familia
1128 2327 1201 2387 vivo

197 2421 327 2490 utroque
356 2435 417 2474 non
451 2416 550 2475 solum
583 2417 782 2493 magistratus
824 2416 921 2474 creari
954 2422 1110 2488 vetarent,
1146 2411 1203 2471 sed

199 2499 289 2558 etiam
311 2500 343 2558 in
367 2510 475 2560 senatu
499 2521 567 2561 esse
588 2502 799 2579 prohiberent,
833 2500 941 2560 Cotum
963 2499 1126 2579 imperium
1149 2497 1201 2557 de-

198 2602 311 2660 ponere
334 2587 443 2664 coegit,
469 2586 751 2662 Convictolitevem,
776 2587 827 2662 qui
850 2607 905 2664 per
928 2584 1203 2645 sacerdotesmore

200 2668 331 2728 civitatis
364 2671 544 2731 intermissis
577 2674 808 2750 magistratibus
842 2679 925 2731 esset
960 2677 1091 2744 creatus,
1115 2676 1202 2747 pote-

199 2759 309 2812 statem
331 2756 468 2815 obtinere
486 2756 590 2831 jussit.
829 2752 833 2760 ’
1274 2760 1278 2767 ’

284 2839 438 2899 XXXIV.
484 2842 553 2900 Hoc
576 2842 699 2902 decreto
722 2844 902 2921 interposito
927 2841 1104 2901 cohortatus
1127 2840 1202 2898 Hae-

199 2923 285 2999 duos,
309 2932 343 2984 ut
366 2929 642 3004 controversiarum
672 2948 707 2987 ac
737 2928 961 2988 dissensionum
985 2927 1203 2988 oblivisceren-

198 3020 249 3067 tur
271 3018 362 3086 atque
392 3014 531 3071 omnibus
566 3014 686 3073 omissis
716 3015 808 3072 rebus
842 3015 911 3072 huic
939 3013 1020 3071 bello
1051 3012 1206 3072 servirent

200 3113 305 3170 eaque,
341 3118 409 3172 quoe
443 3100 636 3173 meruissent,
670 3101 796 3177 praemia
829 3101 867 3157 ab
899 3119 932 3158 se
956 3098 1077 3158 devicta
1101 3097 1206 3156 Gallia

199 3189 397 3259 expectarent
431 3185 658 3260 equitatumque
692 3205 810 3243 omnem
839 3193 869 3243 et
898 3183 1036 3262 peditum
1065 3183 1150 3241 milia
1172 3181 1206 3240 X

200 3265 258 3324 sibi
282 3267 421 3327 celeriter
454 3271 619 3339 mitterent,
655 3290 723 3346 quae
756 3271 787 3329 in
820 3270 973 3348 praesidiis
1001 3269 1046 3328 rei
1067 3267 1205 3327 frumen-

199 3351 286 3409 tariae
309 3372 402 3411 causa
425 3354 608 3432 disponeret,
634 3357 799 3415 exercitum
827 3357 859 3413 in
887 3355 964 3413 duas
992 3363 1096 3432 partes
1126 3352 1205 3412 divi-

202 3435 256 3505 sit;
281 3437 328 3496 IV
350 3439 487 3515 legiones
510 3441 541 3498 in
565 3441 701 3500 Senones
720 3441 915 3516 Parisiosque
927 3441 1065 3500 Labieno
1089 3439 1204 3498 ducen-

201 3520 256 3579 das
280 3522 374 3597 dedit,
398 3524 446 3583 VI
467 3526 535 3602 ipse
556 3527 587 3585 in
604 3527 762 3587 Arvernos
785 3526 824 3585 ad
848 3527 992 3606 oppidum
1016 3524 1204 3601 Gergoviam

200 3608 367 3667 secundum
399 3608 511 3669 flumen
544 3613 657 3673 Elaver
691 3612 790 3687 duxit,
826 3613 980 3689 equitatus
1012 3617 1132 3690 partem
1159 3609 1206 3670 illi
1288 3658 1292 3665 ,

199 3693 347 3769 attribuit,
371 3703 489 3772 partem
512 3697 571 3756 sibi.
592 3697 723 3772 reliquit.
770 3698 838 3769 Qua
867 3719 901 3757 re
931 3697 1054 3775 cognita
1075 3695 1205 3755 Vercin-

199 3780 319 3854 getorix
353 3782 491 3840 omnibus
524 3783 702 3860 interruptis
737 3783 804 3860 ejus
831 3782 962 3842 fluminis
996 3782 1141 3862 pontibus
1166 3781 1205 3839 ab

200 3862 296 3922 altera
318 3864 451 3926 fluminis
474 3873 560 3945 parte
582 3869 640 3926 iter
663 3868 766 3928 facere
789 3871 889 3947 coepit.
