2670 4456
165 264 207 319 54
468 253 521 306 DE
538 252 665 306 BELLO
685 250 862 306 GALLICO.

166 451 324 523 munitum,
336 450 443 526 paucis
466 449 584 523 diebus,
607 448 718 521 quibus
741 467 776 506 eo
799 455 925 506 ventum
947 456 1021 519 erat,
1050 467 1163 524 expug—

166 543 272 595 natum
312 545 533 613 cognoverant,
573 535 691 610 legatos
724 553 970 608 quoquoversum
1002 533 1163 607 dimittere,

167 622 342 698 conjurare,
372 621 493 680 obsides
516 621 594 679 inter
622 640 655 678 se
684 619 773 693 dare,
803 620 907 697 copias
934 640 1043 697 parare
1066 639 1164 696 cmpe-

166 718 247 767 rimt.
281 708 445 765 Mittuntur
468 707 560 766 etiam
582 705 622 764 ad
643 725 696 764 eas
714 706 854 764 ciiitates
875 706 979 782 legati,
1002 726 1070 781 quae
1094 716 1165 763 sunt

168 795 316 853 citerioris
339 793 496 871 Hispaniae
518 792 654 850 finitimae
671 792 860 866 Aquitaniae,
883 792 954 851 inde
977 793 1088 850 auxilia
1111 790 1165 848 du-

167 900 279 954 cesque
302 890 506 938 arcessuntur.
552 879 688 950 Quorum
710 878 843 937 adventu
865 899 976 955 magna
1006 899 1074 936 cum
1096 897 1165 936 auc-

166 967 288 1024 toritate
311 972 342 1024 et
363 987 473 1042 magna
496 985 565 1024 cum
586 965 741 1023 hominum
763 964 956 1023 multitudine
978 965 1092 1022 bellum
1113 983 1165 1040 ge-

166 1072 234 1111 rere
257 1060 412 1110 conantur.
456 1051 560 1109 Duces
583 1070 655 1109 vero
678 1051 699 1108 ii
722 1050 905 1127 deliguntur,
934 1051 986 1126 qui
1014 1071 1075 1109 una
1098 1070 1167 1108 cum
1226 1054 1233 1064 “

168 1137 204 1209 Q.
229 1137 363 1196 Sertorio
386 1157 490 1195 omnes
513 1156 609 1195 annos
632 1135 754 1194 fuerant
777 1156 985 1212 summamque
1007 1136 1166 1194 scientiam

166 1224 210 1282 rei
244 1224 382 1281 militaris
416 1223 529 1281 habere
559 1223 821 1281 existimabantur.
873 1223 915 1280 Hi
945 1221 1166 1282 consuetudine

166 1310 272 1388 populi
292 1309 422 1367 Romani
454 1309 523 1367 loca
546 1328 663 1386 capere,
699 1316 801 1366 castra
828 1309 960 1382 munire,
995 1308 1167 1366 commeati-

166 1398 225 1454 bus
248 1403 369 1454 nostros
391 1394 595 1454 intercludere
622 1394 794 1452 instituunt.
846 1394 934 1465 Quod
961 1395 1015 1452 ubi
1038 1393 1167 1452 Crassus

168 1481 390 1555 animadvertit,
414 1501 486 1538 suas
509 1481 613 1558 copias
634 1488 759 1558 propter
781 1480 977 1556 exiguitatem
998 1500 1059 1538 non
1077 1479 1167 1538 facilc

168 1567 280 1641 diduci,
303 1567 422 1625 hostem
445 1574 476 1625 et
497 1567 603 1644 vagari
626 1575 657 1625 et
678 1567 745 1626 vias
768 1566 908 1625 obsidere
931 1576 962 1624 et
985 1566 1095 1624 castris
1118 1585 1166 1623 sa-

168 1655 209 1711 tis
231 1653 367 1731 praesidii
388 1653 569 1728 relinquere,
594 1654 631 1711 ob
656 1672 722 1711 eam
745 1673 868 1710 causam
889 1653 989 1710 minus
1012 1650 1168 1710 commode

168 1738 353 1798 frumentum
375 1746 633 1814 commeatumque
662 1739 721 1796 sibi
744 1739 932 1816 supportari,
960 1739 992 1796 in
1020 1738 1085 1796 dies
1114 1737 1167 1795 ho-

169 1826 260 1883 stium
292 1845 450 1883 numerum
479 1825 599 1902 augeri,
638 1844 699 1883 non
732 1825 935 1883 cunctandum
973 1824 1168 1897 existimavit,

169 1912 241 1986 quin
263 1931 365 1988 pugna
388 1911 567 1969 decertaret.
602 1912 670 1968 Hac
692 1931 725 1968 16
749 1910 789 1968 ad
812 1911 970 1969 consilium
993 1909 1094 1967 delata
1116 1909 1168 1966 ubi

169 2016 272 2055 omnes
305 1996 386 2054 idem
418 1998 531 2055 sentire
553 1997 717 2071 intellexit,
751 2005 907 2073 posterum
942 1996 1021 2054 diem
1056 2015 1168 2074 pugnae

170 2082 337 2140 constituit.

253 2168 375 2227 XXIV.
420 2168 523 2226 Prima
543 2167 613 2226 luce
635 2167 791 2244 productis
815 2169 955 2226 omnibus
979 2168 1084 2245 copiis,
1114 2167 1168 2224 du-

168 2254 240 2332 plici
263 2255 328 2312 acie
349 2253 498 2326 instituta,
523 2253 642 2312 auxiliis
671 2255 703 2312 in
725 2253 855 2311 mediam
883 2255 978 2312 aciem
1008 2253 1165 2330 conjectis,

169 2340 243 2415 quid
264 2341 369 2399 hostes
392 2340 511 2398 consilii
532 2348 685 2417 caperent,
710 2341 899 2417 expectabat.
933 2341 985 2398 Illi
1004 2341 1062 2399 etsi
1077 2360 1168 2417 prop—

167 2434 215 2485 ter
236 2426 460 2485 multitudinem
482 2433 513 2485 et
534 2433 670 2485 veterem
690 2427 763 2484 belli
780 2426 908 2502 gloriam
924 2427 1168 2504 paucitatemque

167 2519 342 2570 nostrorum
364 2532 398 2571 se
420 2520 485 2571 tuto
510 2513 705 2571 dimicaturos
733 2513 962 2586 existimabant,
992 2519 1094 2571 tamen
1120 2519 1168 2568 111-

168 2597 230 2655 tius
258 2617 327 2655 esse
357 2598 583 2656 arbitrabantur
610 2598 744 2657 obsessis
771 2599 844 2672 viis,
880 2558 1050 2656 comineatu
1076 2598 1168 2655 inter-

169 2681 254 2741 cluso
278 2683 343 2740 sine
365 2684 426 2741 ullo
460 2684 586 2742 vulnere
613 2684 742 2742 victoria
764 2692 817 2760 pot
817 2684 869 2756 iri3
905 2692 951 2758 et,
987 2684 1013 2742 61
1044 2692 1170 2760 propter

167 2768 301 2845 inopiam
333 2769 379 2826 161
411 2767 617 2827 frumentariae
646 2770 776 2827 Romani
799 2789 868 2828 sese
895 2770 1031 2866 recipere
1061 2768 1169 2846 coepis-

169 2862 247 2928 sent,
281 2854 485 2931 impeditos'
477 2875 508 2911 m
542 2855 660 2930 agmine
698 2862 728 2913 et
762 2856 817 2913 sub
852 2856 979 2913 sarcinis
1006 2853 1170 2913 infirmiore

169 2900 268 2998 aninio
293 2939 404 2998 adoriri
427 2940 612 3016 cogitabant.
656 2941 725 2999 Hoc
748 2940 873 2999 consilio
895 2942 1024 3018 probato
1053 2942 1090 2999 ab
1115 2940 1169 2998 du-

170 3026 266 3101 cibus,
297 3025 455 3103 productis
482 3026 689 3085 Romanorum
723 3027 818 3104 copiis
847 3047 915 3085 sese
944 3027 1054 3086 castris
1087 3035 1169 3085 tene·

168 3113 252 3170 bant.
298 3112 365 3169 Hac
388 3132 421 3169 16
442 3120 605 3189 perspecta
618 3111 759 3187 Crassus,
783 3132 875 3187 quum
897 3133 953 3171 sua
976 3113 1170 3171 cunctatione

171 3204 263 3271 atque
293 3198 433 3274 opinione
455 3198 572 3256 timoris
594 3198 699 3257 hostes
721 3206 843 3257 nostros
865 3199 977 3257 milites
1007 3199 1170 3257 alacriores

172 3283 211 3340 ad
243 3282 442 3359 pugnandum
474 3282 649 3343 effecissent
688 3293 779 3360 atque
813 3285 945 3343 omnium
966 3304 1058 3344 voces
1084 3284 1168 3342 audi-

171 3380 276 3426 rentur
299 3369 452 3445 expectari
475 3370 587 3428 diutius
614 3391 675 3429 non
705 3379 859 3448 oportere,
894 3372 968 3446 quin
1001 3371 1039 3429 ad
1070 3377 1172 3428 castra

166 3453 271 3528 iretur,
295 3454 468 3513 cohortatus
490 3475 563 3514 suos
585 3457 723 3514 omnibus
753 3457 943 3534 cupientibus
972 3457 1011 3515 ad
1038 3456 1172 3514 hostium

171 3546 272 3598 castra
295 3540 458 3598 contendit

256 3625 360 3685 XXV.
394 3627 444 3684 Ibi
466 3647 558 3702 quum
581 3628 632 3686 alii
653 3627 755 3686 fossas
775 3627 970 3704 complerent,
995 3627 1044 3684 alii
1067 3627 1152 3684 mult
1131 3635 1172 3684 116

170 3711 239 3769 telis
273 3711 419 3788 conjectis
447 3711 624 3771 defensores
657 3714 737 3772 vallo
765 3714 1040 3788 munitionibusque
1069 3712 1172 3790 depel-

170 3795 277 3872 lerent,
308 3798 544 3874 auxiliaresque,
575 3799 684 3874 quibus
714 3799 753 3857 ad
785 3820 918 3876 pugnam
950 3819 1011 3857 11611
1044 3799 1173 3856 multum

172 3881 304 3941 Crassus
334 3884 520 3959 confidebat,
555 3884 709 3962 lapidibus
739 3885 869 3960 telisque
898 3884 1173 3944 sumministrandis

172 3974 202 4025 61
224 3968 263 4026 ad
288 3989 429 4046 aggerem
458 3970 625 4049 cespitibus
655 3971 880 4048 comportandis
915 3971 1048 4048 speciem
1079 3977 1172 4045 atque
1236 3997 1242 4013 ¹
