<?xml version="1.0" encoding="UTF-8"?>
<!DOCTYPE html PUBLIC "-//W3C//DTD XHTML 1.0 Transitional//EN"
    "http://www.w3.org/TR/xhtml1/DTD/xhtml1-transitional.dtd">
<html xmlns="http://www.w3.org/1999/xhtml" xml:lang="en" lang="en">
 <head>
  <title>
</title>
<meta http-equiv="Content-Type" content="text/html;charset=utf-8" />
  <meta name='ocr-system' content='tesseract 3.04.00' />
  <meta name='ocr-capabilities' content='ocr_page ocr_carea ocr_par ocr_line ocrx_word'/>
</head>
<body>
  <div class='ocr_page' id='page_1' title='image "./debellogallico00caesgoog_0089.png"; bbox 0 0 2670 4456; ppageno 0'>
   <div class='ocr_carea' id='block_1_1' title="bbox 191 249 889 320">
    <p class='ocr_par' dir='ltr' id='par_1_1' title="bbox 191 249 889 320">
     <span class='ocr_line' id='line_1_1' title="bbox 191 249 889 320; baseline 0 -16"><span class='ocrx_word' id='word_1_1' title='bbox 191 263 233 320; x_wconf 71' lang='grc'><strong>80</strong></span> <span class='ocrx_word' id='word_1_2' title='bbox 489 253 543 306; x_wconf 86' lang='lat' dir='ltr'><strong>nu</strong></span> <span class='ocrx_word' id='word_1_3' title='bbox 561 249 690 304; x_wconf 77' lang='lat' dir='ltr'><strong>succo</strong></span> <span class='ocrx_word' id='word_1_4' title='bbox 709 249 889 306; x_wconf 79' lang='grc'>1111161.</span> 
     </span>
    </p>
   </div>
   <div class='ocr_carea' id='block_1_2' title="bbox 191 427 1202 681">
    <p class='ocr_par' dir='ltr' id='par_1_2' title="bbox 191 427 1202 681">
     <span class='ocr_line' id='line_1_2' title="bbox 191 427 1201 506; baseline -0.006 -14"><span class='ocrx_word' id='word_1_5' title='bbox 191 434 271 492; x_wconf 91' lang='lat' dir='ltr'><strong>inter</strong></span> <span class='ocrx_word' id='word_1_6' title='bbox 301 452 334 491; x_wconf 93' lang='lat' dir='ltr'><strong>se</strong></span> <span class='ocrx_word' id='word_1_7' title='bbox 369 431 588 506; x_wconf 78' lang='lat' dir='ltr'><strong>constitissent,</strong></span> <span class='ocrx_word' id='word_1_8' title='bbox 622 450 703 489; x_wconf 90' lang='lat' dir='ltr'><strong>novo</strong></span> <span class='ocrx_word' id='word_1_9' title='bbox 736 448 849 506; x_wconf 81' lang='lat' dir='ltr'>genere</span> <span class='ocrx_word' id='word_1_10' title='bbox 883 447 996 506; x_wconf 89' lang='lat' dir='ltr'><strong>pugnae</strong></span> <span class='ocrx_word' id='word_1_11' title='bbox 1029 427 1201 506; x_wconf 78' lang='lat' dir='ltr'><strong>perterritis</strong></span> 
     </span>
     <span class='ocr_line' id='line_1_3' title="bbox 191 513 1202 596; baseline -0.006 -19"><span class='ocrx_word' id='word_1_12' title='bbox 191 520 305 578; x_wconf 86' lang='lat' dir='ltr'><strong>nostris</strong></span> <span class='ocrx_word' id='word_1_13' title='bbox 327 538 384 596; x_wconf 89' lang='lat' dir='ltr'><strong>per</strong></span> <span class='ocrx_word' id='word_1_14' title='bbox 405 517 522 576; x_wconf 91' lang='lat' dir='ltr'><strong>medios</strong></span> <span class='ocrx_word' id='word_1_15' title='bbox 544 515 747 575; x_wconf 82' lang='lat' dir='ltr'><strong>audacissime</strong></span> <span class='ocrx_word' id='word_1_16' title='bbox 774 521 979 592; x_wconf 89' lang='lat' dir='ltr'><strong>perruperunt</strong></span> <span class='ocrx_word' id='word_1_17' title='bbox 1009 532 1102 589; x_wconf 90' lang='lat' dir='ltr'><strong>seque</strong></span> <span class='ocrx_word' id='word_1_18' title='bbox 1129 513 1202 572; x_wconf 91' lang='lat' dir='ltr'><strong>inde</strong></span> 
     </span>
     <span class='ocr_line' id='line_1_4' title="bbox 191 599 1201 681; baseline -0.006 -18"><span class='ocrx_word' id='word_1_19' title='bbox 191 604 361 664; x_wconf 86' lang='lat' dir='ltr'><strong>incolumes</strong></span> <span class='ocrx_word' id='word_1_20' title='bbox 383 609 573 681; x_wconf 76' lang='lat' dir='ltr'><strong>receperimt.</strong></span> <span class='ocrx_word' id='word_1_21' title='bbox 624 603 670 661; x_wconf 84' lang='lat' dir='ltr'><strong>Eo</strong></span> <span class='ocrx_word' id='word_1_22' title='bbox 700 601 749 660; x_wconf 90' lang='lat' dir='ltr'><strong>die</strong></span> <span class='ocrx_word' id='word_1_23' title='bbox 779 601 814 672; x_wconf 79' lang='lat' dir='ltr'><strong>Q.</strong></span> <span class='ocrx_word' id='word_1_24' title='bbox 838 600 990 659; x_wconf 85' lang='lat' dir='ltr'><strong>Laberius</strong></span> <span class='ocrx_word' id='word_1_25' title='bbox 1012 599 1119 658; x_wconf 89' lang='lat' dir='ltr'><strong>Durus</strong></span> <span class='ocrx_word' id='word_1_26' title='bbox 1147 600 1201 658; x_wconf 90' lang='lat' dir='ltr'><strong>tri·</strong></span> 
     </span>
    </p>
   </div>
   <div class='ocr_carea' id='block_1_3' title="bbox 81 685 1201 765">
    <p class='ocr_par' dir='ltr' id='par_1_3' title="bbox 81 685 1201 765">
     <span class='ocr_line' id='line_1_5' title="bbox 81 685 1201 765; baseline -0.004 -17"><span class='ocrx_word' id='word_1_27' title='bbox 81 701 84 706; x_wconf 85' lang='grc'><em>“</em></span> <span class='ocrx_word' id='word_1_28' title='bbox 191 691 292 748; x_wconf 90' lang='lat' dir='ltr'><strong>bunus</strong></span> <span class='ocrx_word' id='word_1_29' title='bbox 314 689 445 748; x_wconf 88' lang='lat' dir='ltr'><strong>militum</strong></span> <span class='ocrx_word' id='word_1_30' title='bbox 467 687 657 748; x_wconf 89' lang='lat' dir='ltr'><strong>interficitur.</strong></span> <span class='ocrx_word' id='word_1_31' title='bbox 708 687 761 746; x_wconf 92' lang='lat' dir='ltr'><strong>Illi</strong></span> <span class='ocrx_word' id='word_1_32' title='bbox 787 687 927 765; x_wconf 92' lang='lat' dir='ltr'><strong>pluribus</strong></span> <span class='ocrx_word' id='word_1_33' title='bbox 956 685 1128 745; x_wconf 89' lang='lat' dir='ltr'><strong>summissis</strong></span> <span class='ocrx_word' id='word_1_34' title='bbox 1151 705 1201 744; x_wconf 93' lang='lat' dir='ltr'><strong>co·</strong></span> 
     </span>
    </p>
   </div>
   <div class='ocr_carea' id='block_1_4' title="bbox 189 775 1201 1968">
    <p class='ocr_par' dir='ltr' id='par_1_4' title="bbox 191 775 551 853">
     <span class='ocr_line' id='line_1_6' title="bbox 191 775 551 853; baseline -0.006 -19"><span class='ocrx_word' id='word_1_35' title='bbox 191 776 332 834; x_wconf 87' lang='lat' dir='ltr'><strong>hortibus</strong></span> <span class='ocrx_word' id='word_1_36' title='bbox 353 775 551 853; x_wconf 85' lang='lat' dir='ltr'><strong>repelluntur.</strong></span> 
     </span>
    </p>

    <p class='ocr_par' dir='ltr' id='par_1_5' title="bbox 189 857 1201 1968">
     <span class='ocr_line' id='line_1_7' title="bbox 277 857 1201 937; baseline -0.006 -17"><span class='ocrx_word' id='word_1_37' title='bbox 277 861 367 920; x_wconf 85' lang='lat' dir='ltr'>XVI.</span> <span class='ocrx_word' id='word_1_38' title='bbox 412 861 569 919; x_wconf 69' lang='grc' dir='ltr'><strong>Γ11111111</strong></span> <span class='ocrx_word' id='word_1_39' title='bbox 592 861 624 918; x_wconf 91' lang='lat' dir='ltr'><strong>in</strong></span> <span class='ocrx_word' id='word_1_40' title='bbox 646 878 758 936; x_wconf 85' lang='lat' dir='ltr'><strong>genere</strong></span> <span class='ocrx_word' id='word_1_41' title='bbox 780 877 902 937; x_wconf 84' lang='lat' dir='ltr'><strong>pugnae,</strong></span> <span class='ocrx_word' id='word_1_42' title='bbox 927 877 1020 932; x_wconf 89' lang='lat' dir='ltr'><strong>quum</strong></span> <span class='ocrx_word' id='word_1_43' title='bbox 1043 857 1099 915; x_wconf 92' lang='lat' dir='ltr'><strong>sub</strong></span> <span class='ocrx_word' id='word_1_44' title='bbox 1129 876 1201 915; x_wconf 89' lang='lat' dir='ltr'><strong>ocu·</strong></span> 
     </span>
     <span class='ocr_line' id='line_1_8' title="bbox 191 943 1201 1024; baseline -0.004 -19"><span class='ocrx_word' id='word_1_45' title='bbox 191 947 230 1005; x_wconf 90' lang='lat' dir='ltr'><strong>lis</strong></span> <span class='ocrx_word' id='word_1_46' title='bbox 253 947 387 1005; x_wconf 90' lang='lat' dir='ltr'><strong>omnium</strong></span> <span class='ocrx_word' id='word_1_47' title='bbox 409 967 444 1005; x_wconf 90' lang='lat' dir='ltr'><strong>ac</strong></span> <span class='ocrx_word' id='word_1_48' title='bbox 477 966 532 1024; x_wconf 91' lang='lat' dir='ltr'><strong>pro</strong></span> <span class='ocrx_word' id='word_1_49' title='bbox 563 947 673 1005; x_wconf 85' lang='lat' dir='ltr'><strong>castris</strong></span> <span class='ocrx_word' id='word_1_50' title='bbox 705 944 910 1019; x_wconf 83' lang='lat' dir='ltr'><strong>dimicaretur,</strong></span> <span class='ocrx_word' id='word_1_51' title='bbox 938 943 1129 1002; x_wconf 86' lang='lat' dir='ltr'><strong>intellectum</strong></span> <span class='ocrx_word' id='word_1_52' title='bbox 1152 950 1201 1001; x_wconf 90' lang='lat' dir='ltr'><strong>est</strong></span> 
     </span>
     <span class='ocr_line' id='line_1_9' title="bbox 191 1028 1201 1111; baseline -0.002 -21"><span class='ocrx_word' id='word_1_53' title='bbox 191 1041 313 1092; x_wconf 90' lang='lat' dir='ltr'><strong>nostros</strong></span> <span class='ocrx_word' id='word_1_54' title='bbox 341 1040 467 1111; x_wconf 89' lang='lat' dir='ltr'><strong>propter</strong></span> <span class='ocrx_word' id='word_1_55' title='bbox 483 1033 666 1110; x_wconf 84' lang='lat' dir='ltr'><strong>gravitatem</strong></span> <span class='ocrx_word' id='word_1_56' title='bbox 688 1050 854 1106; x_wconf 89' lang='lat' dir='ltr'><strong>armorum,</strong></span> <span class='ocrx_word' id='word_1_57' title='bbox 885 1028 967 1105; x_wconf 93' lang='lat' dir='ltr'><strong>quod</strong></span> <span class='ocrx_word' id='word_1_58' title='bbox 994 1049 1093 1104; x_wconf 89' lang='lat' dir='ltr'><strong>neque</strong></span> <span class='ocrx_word' id='word_1_59' title='bbox 1120 1028 1201 1088; x_wconf 90' lang='lat' dir='ltr'><strong>inse·</strong></span> 
     </span>
     <span class='ocr_line' id='line_1_10' title="bbox 192 1113 1200 1197; baseline -0.003 -21"><span class='ocrx_word' id='word_1_60' title='bbox 192 1119 244 1193; x_wconf 91' lang='lat' dir='ltr'><strong>qui</strong></span> <span class='ocrx_word' id='word_1_61' title='bbox 267 1119 413 1178; x_wconf 81' lang='lat' dir='ltr'><strong>cedentes</strong></span> <span class='ocrx_word' id='word_1_62' title='bbox 435 1125 572 1197; x_wconf 87' lang='lat' dir='ltr'><strong>possent,</strong></span> <span class='ocrx_word' id='word_1_63' title='bbox 601 1137 700 1193; x_wconf 90' lang='lat' dir='ltr'><strong>neque</strong></span> <span class='ocrx_word' id='word_1_64' title='bbox 728 1117 767 1175; x_wconf 90' lang='lat' dir='ltr'><strong>ab</strong></span> <span class='ocrx_word' id='word_1_65' title='bbox 796 1115 892 1192; x_wconf 89' lang='lat' dir='ltr'><strong>signis</strong></span> <span class='ocrx_word' id='word_1_66' title='bbox 921 1114 1079 1174; x_wconf 87' lang='lat' dir='ltr'><strong>discedere</strong></span> <span class='ocrx_word' id='word_1_67' title='bbox 1108 1113 1200 1173; x_wconf 92' lang='lat' dir='ltr'><strong>ande-</strong></span> 
     </span>
     <span class='ocr_line' id='line_1_11' title="bbox 190 1201 1200 1282; baseline -0.004 -20"><span class='ocrx_word' id='word_1_68' title='bbox 190 1212 268 1280; x_wconf 90' lang='lat' dir='ltr'><strong>rent,</strong></span> <span class='ocrx_word' id='word_1_69' title='bbox 292 1205 392 1262; x_wconf 90' lang='lat' dir='ltr'><strong>minus</strong></span> <span class='ocrx_word' id='word_1_70' title='bbox 415 1211 504 1282; x_wconf 88' lang='lat' dir='ltr'><strong>aptos</strong></span> <span class='ocrx_word' id='word_1_71' title='bbox 526 1223 595 1263; x_wconf 89' lang='lat' dir='ltr'><strong>esse</strong></span> <span class='ocrx_word' id='word_1_72' title='bbox 619 1202 659 1262; x_wconf 90' lang='lat' dir='ltr'><strong>ad</strong></span> <span class='ocrx_word' id='word_1_73' title='bbox 680 1203 771 1280; x_wconf 84' lang='lat' dir='ltr'><strong>hujus</strong></span> <span class='ocrx_word' id='word_1_74' title='bbox 800 1201 921 1278; x_wconf 86' lang='lat' dir='ltr'><strong>generis</strong></span> <span class='ocrx_word' id='word_1_75' title='bbox 949 1201 1084 1274; x_wconf 75' lang='lat' dir='ltr'><strong>hostem,</strong></span> <span class='ocrx_word' id='word_1_76' title='bbox 1116 1201 1200 1276; x_wconf 90' lang='lat' dir='ltr'><strong>equi·</strong></span> 
     </span>
     <span class='ocr_line' id='line_1_12' title="bbox 190 1287 1200 1367; baseline -0.004 -19"><span class='ocrx_word' id='word_1_77' title='bbox 190 1297 239 1349; x_wconf 89' lang='lat' dir='ltr'><strong>tes</strong></span> <span class='ocrx_word' id='word_1_78' title='bbox 274 1297 376 1349; x_wconf 90' lang='lat' dir='ltr'><strong>autem</strong></span> <span class='ocrx_word' id='word_1_79' title='bbox 403 1310 513 1366; x_wconf 89' lang='lat' dir='ltr'><strong>magno</strong></span> <span class='ocrx_word' id='word_1_80' title='bbox 543 1310 611 1348; x_wconf 92' lang='lat' dir='ltr'><strong>cum</strong></span> <span class='ocrx_word' id='word_1_81' title='bbox 641 1289 776 1367; x_wconf 90' lang='lat' dir='ltr'><strong>periculo</strong></span> <span class='ocrx_word' id='word_1_82' title='bbox 799 1287 907 1365; x_wconf 89' lang='lat' dir='ltr'><strong>proelio</strong></span> <span class='ocrx_word' id='word_1_83' title='bbox 931 1287 1086 1361; x_wconf 89' lang='lat' dir='ltr'><strong>dimicare,</strong></span> <span class='ocrx_word' id='word_1_84' title='bbox 1108 1307 1200 1364; x_wconf 91' lang='lat' dir='ltr'><strong>prop-</strong></span> 
     </span>
     <span class='ocr_line' id='line_1_13' title="bbox 190 1372 1199 1452; baseline -0.004 -18"><span class='ocrx_word' id='word_1_85' title='bbox 190 1382 275 1434; x_wconf 89' lang='lat' dir='ltr'><strong>terea</strong></span> <span class='ocrx_word' id='word_1_86' title='bbox 298 1375 380 1451; x_wconf 91' lang='lat' dir='ltr'><strong>quod</strong></span> <span class='ocrx_word' id='word_1_87' title='bbox 415 1376 459 1434; x_wconf 91' lang='lat' dir='ltr'><strong>illi</strong></span> <span class='ocrx_word' id='word_1_88' title='bbox 489 1376 580 1435; x_wconf 89' lang='lat' dir='ltr'><strong>etiam</strong></span> <span class='ocrx_word' id='word_1_89' title='bbox 615 1375 753 1434; x_wconf 89' lang='lat' dir='ltr'><strong>consulto</strong></span> <span class='ocrx_word' id='word_1_90' title='bbox 781 1374 960 1452; x_wconf 92' lang='lat' dir='ltr'><strong>plerumque</strong></span> <span class='ocrx_word' id='word_1_91' title='bbox 993 1372 1137 1431; x_wconf 91' lang='lat' dir='ltr'><strong>cederent</strong></span> <span class='ocrx_word' id='word_1_92' title='bbox 1159 1378 1199 1446; x_wconf 91' lang='lat' dir='ltr'><strong>et,</strong></span> 
     </span>
     <span class='ocr_line' id='line_1_14' title="bbox 192 1459 1201 1539; baseline -0.002 -21"><span class='ocrx_word' id='word_1_93' title='bbox 192 1481 283 1535; x_wconf 91' lang='lat' dir='ltr'><strong>quum</strong></span> <span class='ocrx_word' id='word_1_94' title='bbox 316 1462 441 1538; x_wconf 88' lang='lat' dir='ltr'><strong>paulum</strong></span> <span class='ocrx_word' id='word_1_95' title='bbox 474 1463 512 1520; x_wconf 88' lang='lat' dir='ltr'><strong>ab</strong></span> <span class='ocrx_word' id='word_1_96' title='bbox 546 1461 718 1539; x_wconf 85' lang='lat' dir='ltr'><strong>legionibus</strong></span> <span class='ocrx_word' id='word_1_97' title='bbox 750 1467 874 1519; x_wconf 91' lang='lat' dir='ltr'><strong>nostros</strong></span> <span class='ocrx_word' id='word_1_98' title='bbox 912 1459 1129 1533; x_wconf 89' lang='lat' dir='ltr'><strong>removissent,</strong></span> <span class='ocrx_word' id='word_1_99' title='bbox 1162 1477 1201 1516; x_wconf 88' lang='lat' dir='ltr'><strong>ex</strong></span> 
     </span>
     <span class='ocr_line' id='line_1_15' title="bbox 192 1543 1199 1626; baseline -0.003 -22"><span class='ocrx_word' id='word_1_100' title='bbox 192 1547 311 1605; x_wconf 89' lang='lat' dir='ltr'><strong>essedis</strong></span> <span class='ocrx_word' id='word_1_101' title='bbox 335 1546 494 1606; x_wconf 87' lang='lat' dir='ltr'><strong>desilirent</strong></span> <span class='ocrx_word' id='word_1_102' title='bbox 527 1554 558 1606; x_wconf 94' lang='lat' dir='ltr'><strong>et</strong></span> <span class='ocrx_word' id='word_1_103' title='bbox 585 1547 717 1626; x_wconf 92' lang='lat' dir='ltr'><strong>pedibus</strong></span> <span class='ocrx_word' id='word_1_104' title='bbox 751 1545 866 1624; x_wconf 87' lang='lat' dir='ltr'><strong>dispari</strong></span> <span class='ocrx_word' id='word_1_105' title='bbox 898 1545 1006 1624; x_wconf 88' lang='lat' dir='ltr'><strong>proelio</strong></span> <span class='ocrx_word' id='word_1_106' title='bbox 1035 1543 1199 1603; x_wconf 93' lang='lat' dir='ltr'><strong>contende-</strong></span> 
     </span>
     <span class='ocr_line' id='line_1_16' title="bbox 191 1630 1201 1710; baseline -0.003 -20"><span class='ocrx_word' id='word_1_107' title='bbox 191 1640 268 1690; x_wconf 88' lang='lat' dir='ltr'><strong>rent.</strong></span> <span class='ocrx_word' id='word_1_108' title='bbox 319 1632 482 1708; x_wconf 85' lang='lat' dir='ltr'><strong>Eqnestris</strong></span> <span class='ocrx_word' id='word_1_109' title='bbox 516 1640 617 1692; x_wconf 90' lang='lat' dir='ltr'><strong>autem</strong></span> <span class='ocrx_word' id='word_1_110' title='bbox 649 1632 751 1710; x_wconf 88' lang='lat' dir='ltr'><strong>proelii</strong></span> <span class='ocrx_word' id='word_1_111' title='bbox 783 1632 861 1690; x_wconf 89' lang='lat' dir='ltr'><strong>ratio</strong></span> <span class='ocrx_word' id='word_1_112' title='bbox 896 1638 927 1691; x_wconf 93' lang='grc'><strong>61</strong></span> <span class='ocrx_word' id='word_1_113' title='bbox 960 1630 1139 1689; x_wconf 86' lang='lat' dir='ltr'><strong>cedentibus</strong></span> <span class='ocrx_word' id='word_1_114' title='bbox 1169 1636 1201 1688; x_wconf 91' lang='lat' dir='ltr'><strong>et</strong></span> 
     </span>
     <span class='ocr_line' id='line_1_17' title="bbox 189 1713 1199 1797; baseline -0.002 -21"><span class='ocrx_word' id='word_1_115' title='bbox 189 1718 423 1794; x_wconf 86' lang='lat' dir='ltr'><strong>insequentibus</strong></span> <span class='ocrx_word' id='word_1_116' title='bbox 446 1740 503 1797; x_wconf 89' lang='lat' dir='ltr'><strong>par</strong></span> <span class='ocrx_word' id='word_1_117' title='bbox 526 1727 617 1795; x_wconf 89' lang='lat' dir='ltr'><strong>atque</strong></span> <span class='ocrx_word' id='word_1_118' title='bbox 638 1719 719 1777; x_wconf 92' lang='lat' dir='ltr'><strong>idem</strong></span> <span class='ocrx_word' id='word_1_119' title='bbox 741 1717 910 1796; x_wconf 87' lang='lat' dir='ltr'><strong>periculum</strong></span> <span class='ocrx_word' id='word_1_120' title='bbox 931 1715 1093 1775; x_wconf 84' lang='lat' dir='ltr'><strong>inferebat.</strong></span> <span class='ocrx_word' id='word_1_121' title='bbox 1137 1713 1199 1774; x_wconf 84' lang='lat' dir='ltr'><strong>Ac·</strong></span> 
     </span>
     <span class='ocr_line' id='line_1_18' title="bbox 191 1801 1199 1881; baseline -0.003 -19"><span class='ocrx_word' id='word_1_122' title='bbox 191 1804 321 1863; x_wconf 83' lang='lat' dir='ltr'><strong>cedebat</strong></span> <span class='ocrx_word' id='word_1_123' title='bbox 342 1805 412 1880; x_wconf 91' lang='lat' dir='ltr'><strong>huc,</strong></span> <span class='ocrx_word' id='word_1_124' title='bbox 435 1812 469 1864; x_wconf 94' lang='lat' dir='ltr'><strong>ut</strong></span> <span class='ocrx_word' id='word_1_125' title='bbox 490 1825 646 1881; x_wconf 88' lang='lat' dir='ltr'><strong>nunquam</strong></span> <span class='ocrx_word' id='word_1_126' title='bbox 674 1803 814 1879; x_wconf 87' lang='lat' dir='ltr'><strong>conferti,</strong></span> <span class='ocrx_word' id='word_1_127' title='bbox 846 1803 902 1862; x_wconf 93' lang='lat' dir='ltr'><strong>sed</strong></span> <span class='ocrx_word' id='word_1_128' title='bbox 929 1803 992 1860; x_wconf 89' lang='lat' dir='ltr'><strong>rari</strong></span> <span class='ocrx_word' id='word_1_129' title='bbox 1020 1801 1199 1878; x_wconf 83' lang='lat' dir='ltr'><strong>magnisque</strong></span> 
     </span>
     <span class='ocr_line' id='line_1_19' title="bbox 190 1887 1200 1968; baseline -0.002 -22"><span class='ocrx_word' id='word_1_130' title='bbox 190 1889 360 1949; x_wconf 90' lang='lat' dir='ltr'><strong>intervallis</strong></span> <span class='ocrx_word' id='word_1_131' title='bbox 382 1891 597 1968; x_wconf 85' lang='lat' dir='ltr'><strong>proeliarentur</strong></span> <span class='ocrx_word' id='word_1_132' title='bbox 619 1891 828 1965; x_wconf 90' lang='lat' dir='ltr'><strong>stationesque</strong></span> <span class='ocrx_word' id='word_1_133' title='bbox 856 1888 1023 1966; x_wconf 90' lang='lat' dir='ltr'><strong>dispositas</strong></span> <span class='ocrx_word' id='word_1_134' title='bbox 1051 1887 1200 1946; x_wconf 89' lang='lat' dir='ltr'><strong>haberent</strong></span> 
     </span>
    </p>
   </div>
   <div class='ocr_carea' id='block_1_5' title="bbox 192 1970 1291 2054">
    <p class='ocr_par' dir='ltr' id='par_1_6' title="bbox 192 1970 1291 2054">
     <span class='ocr_line' id='line_1_20' title="bbox 192 1970 1291 2054; baseline -0.005 -22"><span class='ocrx_word' id='word_1_135' title='bbox 192 1981 283 2049; x_wconf 90' lang='lat' dir='ltr'><strong>atque</strong></span> <span class='ocrx_word' id='word_1_136' title='bbox 307 1975 382 2034; x_wconf 88' lang='lat' dir='ltr'><strong>alios</strong></span> <span class='ocrx_word' id='word_1_137' title='bbox 406 1976 458 2034; x_wconf 89' lang='lat' dir='ltr'><strong>alii</strong></span> <span class='ocrx_word' id='word_1_138' title='bbox 476 1976 621 2054; x_wconf 89' lang='lat' dir='ltr'><strong>deinceps</strong></span> <span class='ocrx_word' id='word_1_139' title='bbox 645 1970 821 2054; x_wconf 85' lang='lat' dir='ltr'><strong>exciperent</strong></span> <span class='ocrx_word' id='word_1_140' title='bbox 842 1974 1015 2051; x_wconf 85' lang='lat' dir='ltr'><strong>integrique</strong></span> <span class='ocrx_word' id='word_1_141' title='bbox 1038 1980 1196 2032; x_wconf 84' lang='grc'>11111611-</span> <span class='ocrx_word' id='word_1_142' title='bbox 1288 2021 1291 2025; x_wconf 78' lang='grc'>,</span> 
     </span>
    </p>
   </div>
   <div class='ocr_carea' id='block_1_6' title="bbox 186 2059 1224 4027">
    <p class='ocr_par' dir='ltr' id='par_1_7' title="bbox 190 2059 672 2137">
     <span class='ocr_line' id='line_1_21' title="bbox 190 2059 672 2137; baseline 0.004 -20"><span class='ocrx_word' id='word_1_143' title='bbox 190 2066 239 2118; x_wconf 86' lang='grc'><strong>161</strong></span> <span class='ocrx_word' id='word_1_144' title='bbox 262 2059 440 2137; x_wconf 84' lang='lat' dir='ltr'><strong>defatigatis</strong></span> <span class='ocrx_word' id='word_1_145' title='bbox 464 2062 672 2121; x_wconf 88' lang='lat' dir='ltr'><strong>succederent.</strong></span> 
     </span>
    </p>

    <p class='ocr_par' dir='ltr' id='par_1_8' title="bbox 186 2143 1224 3488">
     <span class='ocr_line' id='line_1_22' title="bbox 275 2143 1198 2226; baseline -0.003 -22"><span class='ocrx_word' id='word_1_146' title='bbox 275 2146 383 2205; x_wconf 88' lang='lat' dir='ltr'><strong>XVII.</strong></span> <span class='ocrx_word' id='word_1_147' title='bbox 418 2148 546 2206; x_wconf 91' lang='lat' dir='ltr'><strong>Postero</strong></span> <span class='ocrx_word' id='word_1_148' title='bbox 570 2147 619 2207; x_wconf 92' lang='lat' dir='ltr'><strong>die</strong></span> <span class='ocrx_word' id='word_1_149' title='bbox 640 2148 748 2226; x_wconf 88' lang='lat' dir='ltr'><strong>procul</strong></span> <span class='ocrx_word' id='word_1_150' title='bbox 766 2168 784 2206; x_wconf 86' lang='lat' dir='ltr'><strong>a</strong></span> <span class='ocrx_word' id='word_1_151' title='bbox 801 2147 910 2206; x_wconf 85' lang='lat' dir='ltr'><strong>castris</strong></span> <span class='ocrx_word' id='word_1_152' title='bbox 932 2146 1038 2204; x_wconf 86' lang='lat' dir='ltr'><strong>hostes</strong></span> <span class='ocrx_word' id='word_1_153' title='bbox 1060 2143 1093 2202; x_wconf 92' lang='lat' dir='ltr'><strong>in</strong></span> <span class='ocrx_word' id='word_1_154' title='bbox 1115 2143 1198 2202; x_wconf 87' lang='lat' dir='ltr'><strong>colli·</strong></span> 
     </span>
     <span class='ocr_line' id='line_1_23' title="bbox 190 2231 1200 2314; baseline 0.001 -26"><span class='ocrx_word' id='word_1_155' title='bbox 190 2231 248 2290; x_wconf 90' lang='lat' dir='ltr'><strong>bus</strong></span> <span class='ocrx_word' id='word_1_156' title='bbox 280 2233 483 2292; x_wconf 88' lang='lat' dir='ltr'><strong>constiterunt</strong></span> <span class='ocrx_word' id='word_1_157' title='bbox 515 2233 637 2310; x_wconf 87' lang='lat' dir='ltr'><strong>rarique</strong></span> <span class='ocrx_word' id='word_1_158' title='bbox 666 2253 700 2293; x_wconf 91' lang='lat' dir='ltr'><strong>se</strong></span> <span class='ocrx_word' id='word_1_159' title='bbox 729 2232 892 2292; x_wconf 89' lang='lat' dir='ltr'><strong>ostendere</strong></span> <span class='ocrx_word' id='word_1_160' title='bbox 920 2238 956 2314; x_wconf 41' lang='lat' dir='ltr'><strong>et,</strong></span> <span class='ocrx_word' id='word_1_161' title='bbox 978 2231 1079 2290; x_wconf 87' lang='lat' dir='ltr'><strong>lenius</strong></span> <span class='ocrx_word' id='word_1_162' title='bbox 1108 2249 1200 2306; x_wconf 88' lang='lat' dir='ltr'><strong>quam</strong></span> 
     </span>
     <span class='ocr_line' id='line_1_24' title="bbox 190 2316 1197 2398; baseline 0.002 -24"><span class='ocrx_word' id='word_1_163' title='bbox 190 2316 288 2393; x_wconf 92' lang='lat' dir='ltr'><strong>pridie</strong></span> <span class='ocrx_word' id='word_1_164' title='bbox 310 2327 433 2378; x_wconf 89' lang='lat' dir='ltr'><strong>nostros</strong></span> <span class='ocrx_word' id='word_1_165' title='bbox 457 2320 576 2395; x_wconf 89' lang='lat' dir='ltr'><strong>equites</strong></span> <span class='ocrx_word' id='word_1_166' title='bbox 598 2320 705 2398; x_wconf 89' lang='lat' dir='ltr'><strong>proelio</strong></span> <span class='ocrx_word' id='word_1_167' title='bbox 733 2320 887 2378; x_wconf 88' lang='lat' dir='ltr'><strong>lacessere</strong></span> <span class='ocrx_word' id='word_1_168' title='bbox 915 2322 1082 2394; x_wconf 90' lang='lat' dir='ltr'><strong>coeperunt.</strong></span> <span class='ocrx_word' id='word_1_169' title='bbox 1134 2316 1197 2376; x_wconf 85' lang='lat' dir='ltr'><strong>Sed</strong></span> 
     </span>
     <span class='ocr_line' id='line_1_25' title="bbox 190 2401 1196 2484; baseline 0.002 -24"><span class='ocrx_word' id='word_1_170' title='bbox 190 2402 325 2480; x_wconf 88' lang='lat' dir='ltr'><strong>meridie,</strong></span> <span class='ocrx_word' id='word_1_171' title='bbox 349 2425 442 2480; x_wconf 92' lang='lat' dir='ltr'><strong>quum</strong></span> <span class='ocrx_word' id='word_1_172' title='bbox 465 2405 570 2465; x_wconf 81' lang='lat' dir='ltr'><strong>Caesar</strong></span> <span class='ocrx_word' id='word_1_173' title='bbox 591 2405 758 2484; x_wconf 87' lang='lat' dir='ltr'><strong>pabulandi</strong></span> <span class='ocrx_word' id='word_1_174' title='bbox 780 2423 874 2463; x_wconf 89' lang='lat' dir='ltr'><strong>causa</strong></span> <span class='ocrx_word' id='word_1_175' title='bbox 900 2411 964 2462; x_wconf 89' lang='lat' dir='ltr'><strong>tres</strong></span> <span class='ocrx_word' id='word_1_176' title='bbox 992 2401 1128 2478; x_wconf 83' lang='lat' dir='ltr'><strong>legiones</strong></span> <span class='ocrx_word' id='word_1_177' title='bbox 1152 2410 1196 2462; x_wconf 91' lang='lat' dir='ltr'><strong>at-</strong></span> 
     </span>
     <span class='ocr_line' id='line_1_26' title="bbox 190 2489 1195 2567; baseline 0.003 -22"><span class='ocrx_word' id='word_1_178' title='bbox 190 2507 249 2562; x_wconf 93' lang='lat' dir='ltr'><strong>que</strong></span> <span class='ocrx_word' id='word_1_179' title='bbox 272 2509 390 2548; x_wconf 91' lang='lat' dir='ltr'><strong>omnem</strong></span> <span class='ocrx_word' id='word_1_180' title='bbox 413 2492 582 2567; x_wconf 86' lang='lat' dir='ltr'><strong>equitatum</strong></span> <span class='ocrx_word' id='word_1_181' title='bbox 605 2512 673 2551; x_wconf 91' lang='lat' dir='ltr'><strong>cum</strong></span> <span class='ocrx_word' id='word_1_182' title='bbox 696 2491 733 2550; x_wconf 81' lang='lat' dir='ltr'><strong>G.</strong></span> <span class='ocrx_word' id='word_1_183' title='bbox 752 2490 902 2549; x_wconf 78' lang='lat' dir='ltr'><strong>Trebonio</strong></span> <span class='ocrx_word' id='word_1_184' title='bbox 925 2489 1027 2567; x_wconf 88' lang='lat' dir='ltr'><strong>legato</strong></span> <span class='ocrx_word' id='word_1_185' title='bbox 1050 2489 1195 2563; x_wconf 88' lang='lat' dir='ltr'><strong>misisset,</strong></span> 
     </span>
     <span class='ocr_line' id='line_1_27' title="bbox 190 2575 1196 2655; baseline 0.006 -26"><span class='ocrx_word' id='word_1_186' title='bbox 190 2581 316 2650; x_wconf 89' lang='lat' dir='ltr'><strong>repente</strong></span> <span class='ocrx_word' id='word_1_187' title='bbox 339 2595 376 2633; x_wconf 89' lang='lat' dir='ltr'><strong>ex</strong></span> <span class='ocrx_word' id='word_1_188' title='bbox 399 2577 539 2636; x_wconf 90' lang='lat' dir='ltr'><strong>omnibus</strong></span> <span class='ocrx_word' id='word_1_189' title='bbox 568 2578 707 2655; x_wconf 89' lang='lat' dir='ltr'><strong>partibus</strong></span> <span class='ocrx_word' id='word_1_190' title='bbox 738 2576 777 2635; x_wconf 90' lang='lat' dir='ltr'><strong>ad</strong></span> <span class='ocrx_word' id='word_1_191' title='bbox 805 2575 1003 2653; x_wconf 90' lang='lat' dir='ltr'><strong>pabulatores</strong></span> <span class='ocrx_word' id='word_1_192' title='bbox 1033 2575 1196 2635; x_wconf 83' lang='lat' dir='ltr'><strong>advolave-</strong></span> 
     </span>
     <span class='ocr_line' id='line_1_28' title="bbox 189 2659 1224 2740; baseline 0.004 -25"><span class='ocrx_word' id='word_1_193' title='bbox 189 2665 271 2732; x_wconf 87' lang='lat' dir='ltr'><strong>runt,</strong></span> <span class='ocrx_word' id='word_1_194' title='bbox 302 2659 347 2718; x_wconf 91' lang='lat' dir='ltr'><strong>sic</strong></span> <span class='ocrx_word' id='word_1_195' title='bbox 379 2662 425 2719; x_wconf 91' lang='lat' dir='ltr'><strong>uti</strong></span> <span class='ocrx_word' id='word_1_196' title='bbox 453 2663 490 2720; x_wconf 88' lang='lat' dir='ltr'><strong>ab</strong></span> <span class='ocrx_word' id='word_1_197' title='bbox 520 2662 616 2740; x_wconf 89' lang='lat' dir='ltr'><strong>signis</strong></span> <span class='ocrx_word' id='word_1_198' title='bbox 643 2662 876 2739; x_wconf 89' lang='lat' dir='ltr'><strong>legionibusque</strong></span> <span class='ocrx_word' id='word_1_199' title='bbox 910 2681 971 2720; x_wconf 93' lang='lat' dir='ltr'><strong>non</strong></span> <span class='ocrx_word' id='word_1_200' title='bbox 1000 2660 1195 2720; x_wconf 88' lang='lat' dir='ltr'><strong>absisterent.</strong></span> <span class='ocrx_word' id='word_1_201' title='bbox 1220 2684 1224 2688; x_wconf 95' lang='lat'>·</span> 
     </span>
     <span class='ocr_line' id='line_1_29' title="bbox 189 2743 1196 2826; baseline 0.004 -25"><span class='ocrx_word' id='word_1_202' title='bbox 189 2743 297 2802; x_wconf 86' lang='lat' dir='ltr'><strong>Nostri</strong></span> <span class='ocrx_word' id='word_1_203' title='bbox 330 2745 441 2805; x_wconf 87' lang='lat' dir='ltr'><strong>acriter</strong></span> <span class='ocrx_word' id='word_1_204' title='bbox 469 2748 502 2805; x_wconf 92' lang='lat' dir='ltr'><strong>in</strong></span> <span class='ocrx_word' id='word_1_205' title='bbox 535 2768 587 2807; x_wconf 90' lang='lat' dir='ltr'><strong>eos</strong></span> <span class='ocrx_word' id='word_1_206' title='bbox 620 2747 737 2826; x_wconf 91' lang='lat' dir='ltr'><strong>impetu</strong></span> <span class='ocrx_word' id='word_1_207' title='bbox 770 2747 853 2807; x_wconf 88' lang='lat' dir='ltr'><strong>facto</strong></span> <span class='ocrx_word' id='word_1_208' title='bbox 886 2747 1064 2825; x_wconf 90' lang='lat' dir='ltr'><strong>repulerunt</strong></span> <span class='ocrx_word' id='word_1_209' title='bbox 1096 2767 1196 2822; x_wconf 90' lang='lat' dir='ltr'><strong>neque</strong></span> 
     </span>
     <span class='ocr_line' id='line_1_30' title="bbox 189 2827 1195 2909; baseline 0.005 -23"><span class='ocrx_word' id='word_1_210' title='bbox 189 2827 280 2887; x_wconf 91' lang='lat' dir='ltr'><strong>finem</strong></span> <span class='ocrx_word' id='word_1_211' title='bbox 303 2831 452 2905; x_wconf 91' lang='lat' dir='ltr'><strong>sequendi</strong></span> <span class='ocrx_word' id='word_1_212' title='bbox 473 2831 622 2909; x_wconf 86' lang='lat' dir='ltr'><strong>fecerunt,</strong></span> <span class='ocrx_word' id='word_1_213' title='bbox 646 2833 746 2909; x_wconf 87' lang='lat' dir='ltr'><strong>quoad</strong></span> <span class='ocrx_word' id='word_1_214' title='bbox 769 2833 905 2892; x_wconf 90' lang='lat' dir='ltr'><strong>subsidio</strong></span> <span class='ocrx_word' id='word_1_215' title='bbox 936 2832 1043 2892; x_wconf 90' lang='lat' dir='ltr'><strong>confisi</strong></span> <span class='ocrx_word' id='word_1_216' title='bbox 1066 2833 1195 2908; x_wconf 90' lang='lat' dir='ltr'><strong>equites,</strong></span> 
     </span>
     <span class='ocr_line' id='line_1_31' title="bbox 190 2918 1195 2997; baseline 0.007 -26"><span class='ocrx_word' id='word_1_217' title='bbox 190 2933 283 2989; x_wconf 90' lang='lat' dir='ltr'><strong>quum</strong></span> <span class='ocrx_word' id='word_1_218' title='bbox 303 2924 376 2994; x_wconf 89' lang='lat' dir='ltr'><strong>post</strong></span> <span class='ocrx_word' id='word_1_219' title='bbox 398 2936 431 2976; x_wconf 93' lang='lat' dir='ltr'><strong>se</strong></span> <span class='ocrx_word' id='word_1_220' title='bbox 452 2918 588 2996; x_wconf 87' lang='lat' dir='ltr'><strong>legiones</strong></span> <span class='ocrx_word' id='word_1_221' title='bbox 611 2919 760 2996; x_wconf 86' lang='lat' dir='ltr'><strong>viderent,</strong></span> <span class='ocrx_word' id='word_1_222' title='bbox 789 2919 963 2997; x_wconf 89' lang='lat' dir='ltr'><strong>praecipites</strong></span> <span class='ocrx_word' id='word_1_223' title='bbox 991 2920 1097 2979; x_wconf 88' lang='lat' dir='ltr'><strong>hostes</strong></span> <span class='ocrx_word' id='word_1_224' title='bbox 1126 2938 1195 2996; x_wconf 91' lang='lat' dir='ltr'><strong>ege-</strong></span> 
     </span>
     <span class='ocr_line' id='line_1_32' title="bbox 189 3004 1197 3080; baseline 0.005 -23"><span class='ocrx_word' id='word_1_225' title='bbox 189 3007 275 3076; x_wconf 83' lang='lat' dir='ltr'><strong>nmt,</strong></span> <span class='ocrx_word' id='word_1_226' title='bbox 314 3023 485 3080; x_wconf 87' lang='lat' dir='ltr'><strong>magnoque</strong></span> <span class='ocrx_word' id='word_1_227' title='bbox 519 3025 624 3065; x_wconf 91' lang='lat' dir='ltr'><strong>eorum</strong></span> <span class='ocrx_word' id='word_1_228' title='bbox 661 3026 787 3065; x_wconf 92' lang='lat' dir='ltr'><strong>numero</strong></span> <span class='ocrx_word' id='word_1_229' title='bbox 820 3004 982 3064; x_wconf 84' lang='lat' dir='ltr'><strong>interfecto</strong></span> <span class='ocrx_word' id='word_1_230' title='bbox 1015 3024 1115 3079; x_wconf 92' lang='lat' dir='ltr'><strong>neque</strong></span> <span class='ocrx_word' id='word_1_231' title='bbox 1149 3004 1197 3063; x_wconf 91' lang='lat' dir='ltr'><strong>sui</strong></span> 
     </span>
     <span class='ocr_line' id='line_1_33' title="bbox 190 3085 1196 3166; baseline 0.005 -23"><span class='ocrx_word' id='word_1_232' title='bbox 190 3085 354 3164; x_wconf 87' lang='lat' dir='ltr'><strong>colligendi</strong></span> <span class='ocrx_word' id='word_1_233' title='bbox 386 3110 485 3166; x_wconf 89' lang='lat' dir='ltr'><strong>neque</strong></span> <span class='ocrx_word' id='word_1_234' title='bbox 519 3091 707 3151; x_wconf 91' lang='lat' dir='ltr'><strong>consistendi</strong></span> <span class='ocrx_word' id='word_1_235' title='bbox 741 3098 794 3150; x_wconf 86' lang='lat' dir='ltr'><strong>aut</strong></span> <span class='ocrx_word' id='word_1_236' title='bbox 822 3112 860 3152; x_wconf 87' lang='lat' dir='ltr'><strong>ex</strong></span> <span class='ocrx_word' id='word_1_237' title='bbox 893 3091 1012 3150; x_wconf 88' lang='lat' dir='ltr'><strong>essedis</strong></span> <span class='ocrx_word' id='word_1_238' title='bbox 1035 3090 1196 3149; x_wconf 89' lang='lat' dir='ltr'><strong>desiliendi</strong></span> 
     </span>
     <span class='ocr_line' id='line_1_34' title="bbox 188 3169 1195 3256; baseline 0.006 -27"><span class='ocrx_word' id='word_1_239' title='bbox 188 3169 366 3233; x_wconf 73' lang='lat' dir='ltr'><strong>facidtatem</strong></span> <span class='ocrx_word' id='word_1_240' title='bbox 389 3175 548 3236; x_wconf 90' lang='lat' dir='ltr'><strong>dederunt.</strong></span> <span class='ocrx_word' id='word_1_241' title='bbox 593 3179 642 3237; x_wconf 83' lang='lat' dir='ltr'><strong>Ex</strong></span> <span class='ocrx_word' id='word_1_242' title='bbox 663 3178 721 3236; x_wconf 87' lang='lat' dir='ltr'><strong>hac</strong></span> <span class='ocrx_word' id='word_1_243' title='bbox 744 3176 818 3254; x_wconf 80' lang='lat' dir='ltr'><strong>fuga</strong></span> <span class='ocrx_word' id='word_1_244' title='bbox 839 3177 990 3256; x_wconf 89' lang='lat' dir='ltr'><strong>protinus,</strong></span> <span class='ocrx_word' id='word_1_245' title='bbox 1015 3196 1084 3252; x_wconf 85' lang='lat' dir='ltr'><strong>quae</strong></span> <span class='ocrx_word' id='word_1_246' title='bbox 1107 3175 1195 3235; x_wconf 91' lang='lat' dir='ltr'><strong>undi-</strong></span> 
     </span>
     <span class='ocr_line' id='line_1_35' title="bbox 189 3260 1196 3340; baseline 0.006 -27"><span class='ocrx_word' id='word_1_247' title='bbox 189 3275 248 3332; x_wconf 91' lang='lat' dir='ltr'><strong>que</strong></span> <span class='ocrx_word' id='word_1_248' title='bbox 277 3269 498 3338; x_wconf 82' lang='lat' dir='ltr'><strong>convenerant,</strong></span> <span class='ocrx_word' id='word_1_249' title='bbox 533 3263 645 3324; x_wconf 86' lang='lat' dir='ltr'><strong>auxilia</strong></span> <span class='ocrx_word' id='word_1_250' title='bbox 678 3263 897 3338; x_wconf 82' lang='lat' dir='ltr'><strong>discessenmt,</strong></span> <span class='ocrx_word' id='word_1_251' title='bbox 931 3283 1031 3339; x_wconf 91' lang='lat' dir='ltr'><strong>neque</strong></span> <span class='ocrx_word' id='word_1_252' title='bbox 1064 3270 1136 3340; x_wconf 91' lang='lat' dir='ltr'><strong>post</strong></span> <span class='ocrx_word' id='word_1_253' title='bbox 1163 3260 1196 3320; x_wconf 91' lang='lat' dir='ltr'><strong>id</strong></span> 
     </span>
     <span class='ocr_line' id='line_1_36' title="bbox 187 3347 1195 3427; baseline 0.008 -29"><span class='ocrx_word' id='word_1_254' title='bbox 187 3347 310 3420; x_wconf 90' lang='lat' dir='ltr'><strong>tempus</strong></span> <span class='ocrx_word' id='word_1_255' title='bbox 343 3365 477 3422; x_wconf 88' lang='lat' dir='ltr'><strong>unquam</strong></span> <span class='ocrx_word' id='word_1_256' title='bbox 508 3350 633 3410; x_wconf 90' lang='lat' dir='ltr'><strong>summis</strong></span> <span class='ocrx_word' id='word_1_257' title='bbox 661 3350 821 3410; x_wconf 92' lang='lat' dir='ltr'><strong>nobiscnm</strong></span> <span class='ocrx_word' id='word_1_258' title='bbox 854 3349 950 3427; x_wconf 91' lang='lat' dir='ltr'><strong>copiis</strong></span> <span class='ocrx_word' id='word_1_259' title='bbox 983 3350 1089 3408; x_wconf 91' lang='lat' dir='ltr'><strong>hostes</strong></span> <span class='ocrx_word' id='word_1_260' title='bbox 1124 3368 1195 3407; x_wconf 94' lang='lat' dir='ltr'><strong>con-</strong></span> 
     </span>
     <span class='ocr_line' id='line_1_37' title="bbox 186 3428 360 3488; baseline 0.023 -4"><span class='ocrx_word' id='word_1_261' title='bbox 186 3428 360 3488; x_wconf 91' lang='lat' dir='ltr'><strong>tenderunt.</strong></span> 
     </span>
    </p>

    <p class='ocr_par' dir='ltr' id='par_1_9' title="bbox 187 3515 1196 4027">
     <span class='ocr_line' id='line_1_38' title="bbox 271 3515 1196 3598; baseline 0.009 -24"><span class='ocrx_word' id='word_1_262' title='bbox 271 3515 397 3576; x_wconf 88' lang='lat' dir='ltr'>XVIII.</span> <span class='ocrx_word' id='word_1_263' title='bbox 443 3516 547 3578; x_wconf 82' lang='lat' dir='ltr'><strong>Oaesar</strong></span> <span class='ocrx_word' id='word_1_264' title='bbox 576 3521 696 3598; x_wconf 92' lang='lat' dir='ltr'><strong>cognito</strong></span> <span class='ocrx_word' id='word_1_265' title='bbox 726 3522 852 3581; x_wconf 91' lang='lat' dir='ltr'><strong>consilio</strong></span> <span class='ocrx_word' id='word_1_266' title='bbox 881 3542 985 3582; x_wconf 90' lang='lat' dir='ltr'><strong>eorum</strong></span> <span class='ocrx_word' id='word_1_267' title='bbox 1014 3523 1053 3582; x_wconf 90' lang='lat' dir='ltr'><strong>ad</strong></span> <span class='ocrx_word' id='word_1_268' title='bbox 1082 3522 1196 3583; x_wconf 91' lang='lat' dir='ltr'><strong>flumen</strong></span> 
     </span>
     <span class='ocr_line' id='line_1_39' title="bbox 188 3599 1196 3684; baseline 0.008 -25"><span class='ocrx_word' id='word_1_269' title='bbox 188 3599 340 3661; x_wconf 84' lang='lat' dir='ltr'><strong>Tamesim</strong></span> <span class='ocrx_word' id='word_1_270' title='bbox 368 3603 400 3661; x_wconf 95' lang='lat' dir='ltr'><strong>in</strong></span> <span class='ocrx_word' id='word_1_271' title='bbox 428 3603 505 3664; x_wconf 89' lang='lat' dir='ltr'><strong>fines</strong></span> <span class='ocrx_word' id='word_1_272' title='bbox 535 3604 757 3666; x_wconf 77' lang='lat' dir='ltr'><strong>Cassivellauni</strong></span> <span class='ocrx_word' id='word_1_273' title='bbox 786 3607 952 3667; x_wconf 89' lang='lat' dir='ltr'><strong>exercitum</strong></span> <span class='ocrx_word' id='word_1_274' title='bbox 980 3608 1082 3683; x_wconf 80' lang='lat' dir='ltr'><strong>duxit3</strong></span> <span class='ocrx_word' id='word_1_275' title='bbox 1114 3609 1196 3684; x_wconf 90' lang='lat' dir='ltr'><strong>quod</strong></span> 
     </span>
     <span class='ocr_line' id='line_1_40' title="bbox 187 3684 1193 3772; baseline 0.01 -28"><span class='ocrx_word' id='word_1_276' title='bbox 187 3684 300 3747; x_wconf 91' lang='lat' dir='ltr'><strong>flumen</strong></span> <span class='ocrx_word' id='word_1_277' title='bbox 338 3709 398 3748; x_wconf 91' lang='lat' dir='ltr'><strong>uno</strong></span> <span class='ocrx_word' id='word_1_278' title='bbox 429 3690 548 3749; x_wconf 91' lang='lat' dir='ltr'><strong>omnino</strong></span> <span class='ocrx_word' id='word_1_279' title='bbox 580 3692 646 3750; x_wconf 92' lang='lat' dir='ltr'><strong>loco</strong></span> <span class='ocrx_word' id='word_1_280' title='bbox 679 3691 827 3769; x_wconf 86' lang='lat' dir='ltr'><strong>pedibus,</strong></span> <span class='ocrx_word' id='word_1_281' title='bbox 869 3701 959 3769; x_wconf 86' lang='lat' dir='ltr'><strong>atque</strong></span> <span class='ocrx_word' id='word_1_282' title='bbox 1000 3694 1059 3753; x_wconf 92' lang='lat' dir='ltr'><strong>hoc</strong></span> <span class='ocrx_word' id='word_1_283' title='bbox 1101 3714 1193 3772; x_wconf 88' lang='lat' dir='ltr'><strong>aegre,</strong></span> 
     </span>
     <span class='ocr_line' id='line_1_41' title="bbox 187 3774 1195 3853; baseline 0.009 -24"><span class='ocrx_word' id='word_1_284' title='bbox 187 3774 311 3832; x_wconf 87' lang='lat' dir='ltr'><strong>transiri</strong></span> <span class='ocrx_word' id='word_1_285' title='bbox 331 3780 443 3852; x_wconf 91' lang='lat' dir='ltr'><strong>potest.</strong></span> <span class='ocrx_word' id='word_1_286' title='bbox 488 3777 534 3834; x_wconf 87' lang='lat' dir='ltr'><strong>Eo</strong></span> <span class='ocrx_word' id='word_1_287' title='bbox 558 3797 651 3852; x_wconf 92' lang='lat' dir='ltr'><strong>quum</strong></span> <span class='ocrx_word' id='word_1_288' title='bbox 672 3778 818 3853; x_wconf 89' lang='lat' dir='ltr'><strong>venisset,</strong></span> <span class='ocrx_word' id='word_1_289' title='bbox 843 3779 976 3838; x_wconf 90' lang='lat' dir='ltr'><strong>animum</strong></span> <span class='ocrx_word' id='word_1_290' title='bbox 999 3779 1133 3839; x_wconf 87' lang='lat' dir='ltr'><strong>advertit</strong></span> <span class='ocrx_word' id='word_1_291' title='bbox 1156 3780 1195 3840; x_wconf 90' lang='lat' dir='ltr'><strong>ad</strong></span> 
     </span>
     <span class='ocr_line' id='line_1_42' title="bbox 188 3856 1194 3942; baseline 0.008 -26"><span class='ocrx_word' id='word_1_292' title='bbox 188 3856 314 3918; x_wconf 87' lang='lat' dir='ltr'><strong>alteram</strong></span> <span class='ocrx_word' id='word_1_293' title='bbox 335 3858 469 3920; x_wconf 90' lang='lat' dir='ltr'><strong>fluminis</strong></span> <span class='ocrx_word' id='word_1_294' title='bbox 491 3861 589 3940; x_wconf 85' lang='lat' dir='ltr'><strong>ripam</strong></span> <span class='ocrx_word' id='word_1_295' title='bbox 610 3882 736 3940; x_wconf 87' lang='lat' dir='ltr'><strong>magnas</strong></span> <span class='ocrx_word' id='word_1_296' title='bbox 760 3883 829 3923; x_wconf 91' lang='lat' dir='ltr'><strong>esse</strong></span> <span class='ocrx_word' id='word_1_297' title='bbox 852 3865 956 3942; x_wconf 90' lang='lat' dir='ltr'><strong>copias</strong></span> <span class='ocrx_word' id='word_1_298' title='bbox 984 3865 1119 3923; x_wconf 90' lang='lat' dir='ltr'><strong>hostium</strong></span> <span class='ocrx_word' id='word_1_299' title='bbox 1149 3866 1194 3924; x_wconf 90' lang='lat' dir='ltr'><strong>in-</strong></span> 
     </span>
     <span class='ocr_line' id='line_1_43' title="bbox 187 3946 1194 4027; baseline 0.008 -26"><span class='ocrx_word' id='word_1_300' title='bbox 187 3951 337 4020; x_wconf 84' lang='lat' dir='ltr'><strong>structas;</strong></span> <span class='ocrx_word' id='word_1_301' title='bbox 362 3946 429 4025; x_wconf 90' lang='lat' dir='ltr'><strong>ripa</strong></span> <span class='ocrx_word' id='word_1_302' title='bbox 457 3954 559 4007; x_wconf 90' lang='lat' dir='ltr'><strong>autem</strong></span> <span class='ocrx_word' id='word_1_303' title='bbox 592 3956 658 4008; x_wconf 89' lang='lat' dir='ltr'><strong>erat</strong></span> <span class='ocrx_word' id='word_1_304' title='bbox 686 3949 783 4008; x_wconf 90' lang='lat' dir='ltr'><strong>acutis</strong></span> <span class='ocrx_word' id='word_1_305' title='bbox 807 3949 935 4009; x_wconf 89' lang='lat' dir='ltr'><strong>sudibus</strong></span> <span class='ocrx_word' id='word_1_306' title='bbox 964 3948 1099 4027; x_wconf 84' lang='lat' dir='ltr'><strong>praefixis</strong></span> <span class='ocrx_word' id='word_1_307' title='bbox 1129 3971 1194 4010; x_wconf 90' lang='lat' dir='ltr'><strong>mu-</strong></span> 
     </span>
    </p>
   </div>
   <div class='ocr_carea' id='block_1_7' title="bbox 0 0 1340 4456">
    <p class='ocr_par' dir='ltr' id='par_1_10' title="bbox 0 0 1340 4456">
     <span class='ocr_line' id='line_1_44' title="bbox 0 0 1340 4456; baseline 0 0"><span class='ocrx_word' id='word_1_308' title='bbox 0 0 1340 4456; x_wconf 95' lang='lat' dir='ltr'><strong> </strong></span> 
     </span>
    </p>
   </div>
  </div>
 </body>
</html>
