<?xml version="1.0" encoding="UTF-8"?>
<!DOCTYPE html PUBLIC "-//W3C//DTD XHTML 1.0 Transitional//EN"
    "http://www.w3.org/TR/xhtml1/DTD/xhtml1-transitional.dtd">
<html xmlns="http://www.w3.org/1999/xhtml" xml:lang="en" lang="en">
 <head>
  <title>
</title>
<meta http-equiv="Content-Type" content="text/html;charset=utf-8" />
  <meta name='ocr-system' content='tesseract 3.04.00' />
  <meta name='ocr-capabilities' content='ocr_page ocr_carea ocr_par ocr_line ocrx_word'/>
</head>
<body>
  <div class='ocr_page' id='page_1' title='image "./debellogallico00caesgoog_0027.png"; bbox 0 0 2670 4456; ppageno 0'>
   <div class='ocr_carea' id='block_1_1' title="bbox 164 247 869 315">
    <p class='ocr_par' dir='ltr' id='par_1_1' title="bbox 164 247 869 315">
     <span class='ocr_line' id='line_1_1' title="bbox 164 247 869 315; baseline 0.004 -16"><span class='ocrx_word' id='word_1_1' title='bbox 164 257 204 315; x_wconf 71' lang='lat'>13</span> <span class='ocrx_word' id='word_1_2' title='bbox 473 247 672 302; x_wconf 80' lang='lat' dir='ltr'>nnnnnno</span> <span class='ocrx_word' id='word_1_3' title='bbox 691 247 869 304; x_wconf 73' lang='lat' dir='ltr'>craneo,</span> 
     </span>
    </p>
   </div>
   <div class='ocr_carea' id='block_1_2' title="bbox 135 443 1227 2585">
    <p class='ocr_par' dir='ltr' id='par_1_2' title="bbox 135 443 1227 2585">
     <span class='ocr_line' id='line_1_2' title="bbox 161 443 1189 522; baseline 0.001 -19"><span class='ocrx_word' id='word_1_4' title='bbox 161 450 282 522; x_wconf 85' lang='lat' dir='ltr'>posset,</span> <span class='ocrx_word' id='word_1_5' title='bbox 316 443 453 503; x_wconf 86' lang='lat' dir='ltr'>Haeduos</span> <span class='ocrx_word' id='word_1_6' title='bbox 487 450 665 519; x_wconf 86' lang='lat' dir='ltr'>ceterosque</span> <span class='ocrx_word' id='word_1_7' title='bbox 699 444 811 503; x_wconf 83' lang='lat' dir='ltr'>amicos</span> <span class='ocrx_word' id='word_1_8' title='bbox 840 445 946 522; x_wconf 89' lang='lat' dir='ltr'>populi</span> <span class='ocrx_word' id='word_1_9' title='bbox 975 445 1106 504; x_wconf 81' lang='lat' dir='ltr'>Romani</span> <span class='ocrx_word' id='word_1_10' title='bbox 1136 445 1189 504; x_wconf 93' lang='lat' dir='ltr'>de-</span> 
     </span>
     <span class='ocr_line' id='line_1_3' title="bbox 162 529 1048 608; baseline 0 -20"><span class='ocrx_word' id='word_1_11' title='bbox 162 529 310 605; x_wconf 89' lang='lat' dir='ltr'>fenderet,</span> <span class='ocrx_word' id='word_1_12' title='bbox 333 549 367 589; x_wconf 90' lang='lat' dir='ltr'>se</span> <span class='ocrx_word' id='word_1_13' title='bbox 389 529 576 589; x_wconf 82' lang='lat' dir='ltr'>Haeduorum</span> <span class='ocrx_word' id='word_1_14' title='bbox 597 529 725 608; x_wconf 84' lang='lat' dir='ltr'>injurias</span> <span class='ocrx_word' id='word_1_15' title='bbox 747 550 808 589; x_wconf 91' lang='lat' dir='ltr'>non</span> <span class='ocrx_word' id='word_1_16' title='bbox 828 531 1048 608; x_wconf 84' lang='lat' dir='ltr'>neglecturum.</span> 
     </span>
     <span class='ocr_line' id='line_1_4' title="bbox 247 615 1188 694; baseline 0.001 -19"><span class='ocrx_word' id='word_1_17' title='bbox 247 616 401 676; x_wconf 89' lang='lat' dir='ltr'>XXXVI.</span> <span class='ocrx_word' id='word_1_18' title='bbox 446 615 496 674; x_wconf 90' lang='lat' dir='ltr'>Ad</span> <span class='ocrx_word' id='word_1_19' title='bbox 522 616 589 675; x_wconf 89' lang='lat' dir='ltr'>haec</span> <span class='ocrx_word' id='word_1_20' title='bbox 610 616 784 676; x_wconf 86' lang='lat' dir='ltr'>Ariovistus</span> <span class='ocrx_word' id='word_1_21' title='bbox 813 616 980 694; x_wconf 76' lang='lat' dir='ltr'>respondit:</span> <span class='ocrx_word' id='word_1_22' title='bbox 1025 618 1084 677; x_wconf 85' lang='lat' dir='ltr'>Jus</span> <span class='ocrx_word' id='word_1_23' title='bbox 1119 636 1188 676; x_wconf 89' lang='lat' dir='ltr'>esse</span> 
     </span>
     <span class='ocr_line' id='line_1_5' title="bbox 161 702 1227 779; baseline 0 -18"><span class='ocrx_word' id='word_1_24' title='bbox 161 702 250 778; x_wconf 79' lang='lat' dir='ltr'>belii,</span> <span class='ocrx_word' id='word_1_25' title='bbox 284 708 327 778; x_wconf 93' lang='lat' dir='ltr'>ut,</span> <span class='ocrx_word' id='word_1_26' title='bbox 362 703 414 777; x_wconf 92' lang='lat' dir='ltr'>qui</span> <span class='ocrx_word' id='word_1_27' title='bbox 445 703 607 776; x_wconf 78' lang='lat' dir='ltr'>vicissent,</span> <span class='ocrx_word' id='word_1_28' title='bbox 646 702 699 778; x_wconf 89' lang='lat' dir='ltr'>iis,</span> <span class='ocrx_word' id='word_1_29' title='bbox 735 722 810 779; x_wconf 88' lang='lat' dir='ltr'>quos</span> <span class='ocrx_word' id='word_1_30' title='bbox 843 703 1004 778; x_wconf 86' lang='lat' dir='ltr'>vicissent,</span> <span class='ocrx_word' id='word_1_31' title='bbox 1047 703 1189 778; x_wconf 91' lang='lat' dir='ltr'>quemad·</span> <span class='ocrx_word' id='word_1_32' title='bbox 1224 772 1227 777; x_wconf 82' lang='lat'>.</span> 
     </span>
     <span class='ocr_line' id='line_1_6' title="bbox 161 788 1190 866; baseline 0 -19"><span class='ocrx_word' id='word_1_33' title='bbox 161 788 283 847; x_wconf 87' lang='lat' dir='ltr'>modum</span> <span class='ocrx_word' id='word_1_34' title='bbox 319 788 448 864; x_wconf 83' lang='lat' dir='ltr'>vellent,</span> <span class='ocrx_word' id='word_1_35' title='bbox 487 788 685 866; x_wconf 72' lang='lat' dir='ltr'>imperarent,</span> <span class='ocrx_word' id='word_1_36' title='bbox 730 789 804 847; x_wconf 89' lang='lat' dir='ltr'>item</span> <span class='ocrx_word' id='word_1_37' title='bbox 842 788 987 866; x_wconf 90' lang='lat' dir='ltr'>populum</span> <span class='ocrx_word' id='word_1_38' title='bbox 1019 788 1190 847; x_wconf 85' lang='lat' dir='ltr'>Romanum</span> 
     </span>
     <span class='ocr_line' id='line_1_7' title="bbox 161 873 1188 953; baseline -0.001 -19"><span class='ocrx_word' id='word_1_39' title='bbox 161 874 251 934; x_wconf 86' lang='lat' dir='ltr'>victis</span> <span class='ocrx_word' id='word_1_40' title='bbox 284 894 345 933; x_wconf 92' lang='lat' dir='ltr'>non</span> <span class='ocrx_word' id='word_1_41' title='bbox 378 874 417 933; x_wconf 89' lang='lat' dir='ltr'>ad</span> <span class='ocrx_word' id='word_1_42' title='bbox 450 874 576 934; x_wconf 73' lang='lat' dir='ltr'>alterius</span> <span class='ocrx_word' id='word_1_43' title='bbox 608 875 834 953; x_wconf 84' lang='lat' dir='ltr'>praescriptum,</span> <span class='ocrx_word' id='word_1_44' title='bbox 870 874 925 933; x_wconf 90' lang='lat' dir='ltr'>sed</span> <span class='ocrx_word' id='word_1_45' title='bbox 955 873 995 933; x_wconf 88' lang='lat' dir='ltr'>ad</span> <span class='ocrx_word' id='word_1_46' title='bbox 1024 895 1111 933; x_wconf 90' lang='lat' dir='ltr'>suum</span> <span class='ocrx_word' id='word_1_47' title='bbox 1141 896 1188 933; x_wconf 89' lang='lat' dir='ltr'>ar·</span> 
     </span>
     <span class='ocr_line' id='line_1_8' title="bbox 161 960 1186 1039; baseline 0.001 -21"><span class='ocrx_word' id='word_1_48' title='bbox 161 960 285 1019; x_wconf 92' lang='lat' dir='ltr'>bitrium</span> <span class='ocrx_word' id='word_1_49' title='bbox 317 961 467 1038; x_wconf 89' lang='lat' dir='ltr'>imperare</span> <span class='ocrx_word' id='word_1_50' title='bbox 501 967 676 1020; x_wconf 79' lang='lat' dir='ltr'>consuesse.</span> <span class='ocrx_word' id='word_1_51' title='bbox 738 960 771 1018; x_wconf 83' lang='lat' dir='ltr'>Si</span> <span class='ocrx_word' id='word_1_52' title='bbox 803 961 870 1039; x_wconf 88' lang='lat' dir='ltr'>ipse</span> <span class='ocrx_word' id='word_1_53' title='bbox 903 962 1015 1039; x_wconf 90' lang='lat' dir='ltr'>populo</span> <span class='ocrx_word' id='word_1_54' title='bbox 1048 961 1186 1019; x_wconf 85' lang='lat' dir='ltr'>Romano</span> 
     </span>
     <span class='ocr_line' id='line_1_9' title="bbox 161 1046 1187 1125; baseline -0.001 -19"><span class='ocrx_word' id='word_1_55' title='bbox 161 1066 222 1106; x_wconf 92' lang='lat' dir='ltr'>non</span> <span class='ocrx_word' id='word_1_56' title='bbox 264 1047 491 1125; x_wconf 70' lang='lat' dir='ltr'>praescriberet,</span> <span class='ocrx_word' id='word_1_57' title='bbox 537 1046 788 1122; x_wconf 86' lang='lat' dir='ltr'>quemadmodum</span> <span class='ocrx_word' id='word_1_58' title='bbox 832 1066 886 1105; x_wconf 90' lang='lat' dir='ltr'>suo</span> <span class='ocrx_word' id='word_1_59' title='bbox 927 1046 997 1123; x_wconf 86' lang='lat' dir='ltr'>jure</span> <span class='ocrx_word' id='word_1_60' title='bbox 1041 1053 1187 1121; x_wconf 87' lang='lat' dir='ltr'>uteretur,</span> 
     </span>
     <span class='ocr_line' id='line_1_10' title="bbox 161 1132 1189 1211; baseline -0.001 -20"><span class='ocrx_word' id='word_1_61' title='bbox 161 1152 222 1191; x_wconf 92' lang='lat' dir='ltr'>non</span> <span class='ocrx_word' id='word_1_62' title='bbox 255 1139 395 1210; x_wconf 82' lang='lat' dir='ltr'>oportere</span> <span class='ocrx_word' id='word_1_63' title='bbox 428 1151 497 1191; x_wconf 89' lang='lat' dir='ltr'>sese</span> <span class='ocrx_word' id='word_1_64' title='bbox 531 1153 548 1191; x_wconf 92' lang='lat' dir='ltr'>a</span> <span class='ocrx_word' id='word_1_65' title='bbox 580 1133 691 1211; x_wconf 88' lang='lat' dir='ltr'>populo</span> <span class='ocrx_word' id='word_1_66' title='bbox 719 1133 857 1191; x_wconf 85' lang='lat' dir='ltr'>Romano</span> <span class='ocrx_word' id='word_1_67' title='bbox 887 1132 919 1191; x_wconf 91' lang='lat' dir='ltr'>in</span> <span class='ocrx_word' id='word_1_68' title='bbox 949 1151 1004 1191; x_wconf 88' lang='lat' dir='ltr'>suo</span> <span class='ocrx_word' id='word_1_69' title='bbox 1034 1132 1104 1209; x_wconf 86' lang='lat' dir='ltr'>jure</span> <span class='ocrx_word' id='word_1_70' title='bbox 1133 1133 1189 1190; x_wconf 94' lang='lat' dir='ltr'>im-</span> 
     </span>
     <span class='ocr_line' id='line_1_11' title="bbox 161 1217 1186 1296; baseline 0.001 -20"><span class='ocrx_word' id='word_1_71' title='bbox 161 1218 268 1296; x_wconf 89' lang='lat' dir='ltr'>pediri.</span> <span class='ocrx_word' id='word_1_72' title='bbox 334 1218 471 1277; x_wconf 87' lang='lat' dir='ltr'>Haeduos</span> <span class='ocrx_word' id='word_1_73' title='bbox 512 1218 586 1293; x_wconf 91' lang='lat' dir='ltr'>sibi,</span> <span class='ocrx_word' id='word_1_74' title='bbox 639 1218 781 1293; x_wconf 90' lang='lat' dir='ltr'>quoniam</span> <span class='ocrx_word' id='word_1_75' title='bbox 818 1218 892 1277; x_wconf 79' lang='lat' dir='ltr'>beili</span> <span class='ocrx_word' id='word_1_76' title='bbox 930 1217 1083 1277; x_wconf 88' lang='lat' dir='ltr'>fortunam</span> <span class='ocrx_word' id='word_1_77' title='bbox 1121 1226 1186 1277; x_wconf 91' lang='lat' dir='ltr'>ten-</span> 
     </span>
     <span class='ocr_line' id='line_1_12' title="bbox 162 1304 1188 1383; baseline 0 -21"><span class='ocrx_word' id='word_1_78' title='bbox 162 1311 281 1362; x_wconf 87' lang='lat' dir='ltr'>tassent</span> <span class='ocrx_word' id='word_1_79' title='bbox 324 1311 355 1363; x_wconf 89' lang='lat' dir='ltr'>et</span> <span class='ocrx_word' id='word_1_80' title='bbox 398 1305 488 1364; x_wconf 91' lang='lat' dir='ltr'>armis</span> <span class='ocrx_word' id='word_1_81' title='bbox 528 1304 684 1380; x_wconf 82' lang='lat' dir='ltr'>congressi</span> <span class='ocrx_word' id='word_1_82' title='bbox 723 1324 758 1363; x_wconf 88' lang='lat' dir='ltr'>ae</span> <span class='ocrx_word' id='word_1_83' title='bbox 799 1305 933 1383; x_wconf 89' lang='lat' dir='ltr'>superati</span> <span class='ocrx_word' id='word_1_84' title='bbox 972 1311 1089 1379; x_wconf 83' lang='lat' dir='ltr'>essent,</span> <span class='ocrx_word' id='word_1_85' title='bbox 1135 1304 1188 1363; x_wconf 91' lang='lat' dir='ltr'>sti-</span> 
     </span>
     <span class='ocr_line' id='line_1_13' title="bbox 160 1389 1189 1467; baseline -0.001 -18"><span class='ocrx_word' id='word_1_86' title='bbox 160 1390 335 1467; x_wconf 91' lang='lat' dir='ltr'>pendiarios</span> <span class='ocrx_word' id='word_1_87' title='bbox 380 1410 448 1450; x_wconf 87' lang='lat' dir='ltr'>esse</span> <span class='ocrx_word' id='word_1_88' title='bbox 491 1389 599 1449; x_wconf 84' lang='lat' dir='ltr'>factos.</span> <span class='ocrx_word' id='word_1_89' title='bbox 665 1391 810 1467; x_wconf 81' lang='lat' dir='ltr'>Magnam</span> <span class='ocrx_word' id='word_1_90' title='bbox 854 1390 1006 1449; x_wconf 81' lang='lat' dir='ltr'>Oaesarem</span> <span class='ocrx_word' id='word_1_91' title='bbox 1048 1390 1189 1467; x_wconf 88' lang='lat' dir='ltr'>injuriam</span> 
     </span>
     <span class='ocr_line' id='line_1_14' title="bbox 161 1475 1188 1553; baseline 0.001 -20"><span class='ocrx_word' id='word_1_92' title='bbox 161 1475 279 1551; x_wconf 84' lang='lat' dir='ltr'>facere,</span> <span class='ocrx_word' id='word_1_93' title='bbox 325 1476 376 1551; x_wconf 94' lang='lat' dir='ltr'>qui</span> <span class='ocrx_word' id='word_1_94' title='bbox 415 1495 469 1535; x_wconf 91' lang='lat' dir='ltr'>suo</span> <span class='ocrx_word' id='word_1_95' title='bbox 503 1477 636 1536; x_wconf 91' lang='lat' dir='ltr'>adventu</span> <span class='ocrx_word' id='word_1_96' title='bbox 670 1477 833 1553; x_wconf 84' lang='lat' dir='ltr'>vectigalia</span> <span class='ocrx_word' id='word_1_97' title='bbox 866 1477 925 1535; x_wconf 90' lang='lat' dir='ltr'>sibi</span> <span class='ocrx_word' id='word_1_98' title='bbox 958 1476 1110 1536; x_wconf 83' lang='lat' dir='ltr'>deteriora</span> <span class='ocrx_word' id='word_1_99' title='bbox 1142 1475 1188 1534; x_wconf 84' lang='lat' dir='ltr'>fa-</span> 
     </span>
     <span class='ocr_line' id='line_1_15' title="bbox 162 1560 1186 1637; baseline 0 -17"><span class='ocrx_word' id='word_1_100' title='bbox 162 1569 253 1621; x_wconf 87' lang='lat' dir='ltr'>ceret.</span> <span class='ocrx_word' id='word_1_101' title='bbox 309 1562 437 1621; x_wconf 87' lang='lat' dir='ltr'>Haeduis</span> <span class='ocrx_word' id='word_1_102' title='bbox 471 1582 504 1621; x_wconf 88' lang='lat' dir='ltr'>se</span> <span class='ocrx_word' id='word_1_103' title='bbox 538 1560 661 1622; x_wconf 90' lang='lat' dir='ltr'>obsides</span> <span class='ocrx_word' id='word_1_104' title='bbox 694 1563 884 1621; x_wconf 88' lang='lat' dir='ltr'>redditmum</span> <span class='ocrx_word' id='word_1_105' title='bbox 916 1582 977 1620; x_wconf 92' lang='lat' dir='ltr'>non</span> <span class='ocrx_word' id='word_1_106' title='bbox 1011 1582 1095 1637; x_wconf 88' lang='lat' dir='ltr'>esse,</span> <span class='ocrx_word' id='word_1_107' title='bbox 1134 1582 1186 1620; x_wconf 90' lang='lat' dir='ltr'>ne-</span> 
     </span>
     <span class='ocr_line' id='line_1_16' title="bbox 163 1648 1186 1726; baseline -0.002 -19"><span class='ocrx_word' id='word_1_108' title='bbox 163 1668 221 1723; x_wconf 91' lang='lat' dir='ltr'>que</span> <span class='ocrx_word' id='word_1_109' title='bbox 253 1648 291 1707; x_wconf 91' lang='lat' dir='ltr'>iis</span> <span class='ocrx_word' id='word_1_110' title='bbox 324 1668 422 1725; x_wconf 90' lang='lat' dir='ltr'>neque</span> <span class='ocrx_word' id='word_1_111' title='bbox 462 1669 565 1708; x_wconf 91' lang='lat' dir='ltr'>eorum</span> <span class='ocrx_word' id='word_1_112' title='bbox 603 1648 695 1708; x_wconf 90' lang='lat' dir='ltr'>sociis</span> <span class='ocrx_word' id='word_1_113' title='bbox 733 1648 845 1726; x_wconf 87' lang='lat' dir='ltr'>injuria</span> <span class='ocrx_word' id='word_1_114' title='bbox 877 1649 991 1708; x_wconf 85' lang='lat' dir='ltr'>beilum</span> <span class='ocrx_word' id='word_1_115' title='bbox 1023 1649 1186 1722; x_wconf 79' lang='lat' dir='ltr'>illaturum,</span> 
     </span>
     <span class='ocr_line' id='line_1_17' title="bbox 162 1734 1186 1812; baseline -0.001 -20"><span class='ocrx_word' id='word_1_116' title='bbox 162 1734 189 1792; x_wconf 85' lang='lat' dir='ltr'>si</span> <span class='ocrx_word' id='word_1_117' title='bbox 221 1734 253 1792; x_wconf 94' lang='lat' dir='ltr'>in</span> <span class='ocrx_word' id='word_1_118' title='bbox 287 1754 322 1793; x_wconf 93' lang='lat' dir='ltr'>eo</span> <span class='ocrx_word' id='word_1_119' title='bbox 354 1742 527 1811; x_wconf 89' lang='lat' dir='ltr'>manerent,</span> <span class='ocrx_word' id='word_1_120' title='bbox 574 1734 654 1810; x_wconf 91' lang='lat' dir='ltr'>quod</span> <span class='ocrx_word' id='word_1_121' title='bbox 688 1736 897 1809; x_wconf 84' lang='lat' dir='ltr'>convenisset,</span> <span class='ocrx_word' id='word_1_122' title='bbox 944 1734 1186 1812; x_wconf 74' lang='lat' dir='ltr'>stipendiumque</span> 
     </span>
     <span class='ocr_line' id='line_1_18' title="bbox 135 1819 1189 1898; baseline 0.004 -24"><span class='ocrx_word' id='word_1_123' title='bbox 135 1821 323 1895; x_wconf 85' lang='lat' dir='ltr'>quotannis</span> <span class='ocrx_word' id='word_1_124' title='bbox 361 1821 542 1898; x_wconf 79' lang='lat' dir='ltr'>penderent3</span> <span class='ocrx_word' id='word_1_125' title='bbox 589 1820 615 1879; x_wconf 89' lang='lat' dir='ltr'>si</span> <span class='ocrx_word' id='word_1_126' title='bbox 653 1819 685 1878; x_wconf 92' lang='lat' dir='ltr'>id</span> <span class='ocrx_word' id='word_1_127' title='bbox 722 1842 783 1880; x_wconf 93' lang='lat' dir='ltr'>non</span> <span class='ocrx_word' id='word_1_128' title='bbox 821 1820 981 1895; x_wconf 81' lang='lat' dir='ltr'>fecissent,</span> <span class='ocrx_word' id='word_1_129' title='bbox 1027 1822 1116 1897; x_wconf 83' lang='lat' dir='ltr'>longe</span> <span class='ocrx_word' id='word_1_130' title='bbox 1150 1820 1189 1878; x_wconf 90' lang='lat' dir='ltr'>iis</span> 
     </span>
     <span class='ocr_line' id='line_1_19' title="bbox 161 1905 1188 1984; baseline -0.003 -19"><span class='ocrx_word' id='word_1_131' title='bbox 161 1905 328 1965; x_wconf 82' lang='lat' dir='ltr'>fraternum</span> <span class='ocrx_word' id='word_1_132' title='bbox 375 1927 485 1966; x_wconf 91' lang='lat' dir='ltr'>nomen</span> <span class='ocrx_word' id='word_1_133' title='bbox 533 1905 637 1984; x_wconf 85' lang='lat' dir='ltr'>populi</span> <span class='ocrx_word' id='word_1_134' title='bbox 685 1906 815 1965; x_wconf 85' lang='lat' dir='ltr'>Romani</span> <span class='ocrx_word' id='word_1_135' title='bbox 858 1906 1020 1965; x_wconf 86' lang='lat' dir='ltr'>afuturum.</span> <span class='ocrx_word' id='word_1_136' title='bbox 1099 1905 1188 1977; x_wconf 76' lang='lat' dir='ltr'>Quod</span> 
     </span>
     <span class='ocr_line' id='line_1_20' title="bbox 162 1990 1187 2068; baseline -0.002 -17"><span class='ocrx_word' id='word_1_137' title='bbox 162 1993 221 2051; x_wconf 90' lang='lat' dir='ltr'>sibi</span> <span class='ocrx_word' id='word_1_138' title='bbox 265 1990 369 2050; x_wconf 80' lang='lat' dir='ltr'>Caesar</span> <span class='ocrx_word' id='word_1_139' title='bbox 413 1992 605 2052; x_wconf 83' lang='lat' dir='ltr'>denuntiaret</span> <span class='ocrx_word' id='word_1_140' title='bbox 653 2011 687 2050; x_wconf 86' lang='lat' dir='ltr'>se</span> <span class='ocrx_word' id='word_1_141' title='bbox 730 1992 918 2051; x_wconf 85' lang='lat' dir='ltr'>Haeduorum</span> <span class='ocrx_word' id='word_1_142' title='bbox 955 1992 1082 2068; x_wconf 87' lang='lat' dir='ltr'>injurias</span> <span class='ocrx_word' id='word_1_143' title='bbox 1127 2012 1187 2049; x_wconf 90' lang='lat' dir='ltr'>non</span> 
     </span>
     <span class='ocr_line' id='line_1_21' title="bbox 161 2078 1186 2156; baseline -0.002 -19"><span class='ocrx_word' id='word_1_144' title='bbox 161 2079 385 2156; x_wconf 85' lang='lat' dir='ltr'>neglectmum,</span> <span class='ocrx_word' id='word_1_145' title='bbox 429 2078 579 2136; x_wconf 90' lang='lat' dir='ltr'>neminem</span> <span class='ocrx_word' id='word_1_146' title='bbox 619 2095 723 2136; x_wconf 86' lang='lat' dir='ltr'>secum</span> <span class='ocrx_word' id='word_1_147' title='bbox 756 2079 820 2137; x_wconf 86' lang='lat' dir='ltr'>sine</span> <span class='ocrx_word' id='word_1_148' title='bbox 860 2098 916 2137; x_wconf 88' lang='lat' dir='ltr'>sua</span> <span class='ocrx_word' id='word_1_149' title='bbox 948 2078 1082 2156; x_wconf 77' lang='lat' dir='ltr'>pernicie</span> <span class='ocrx_word' id='word_1_150' title='bbox 1117 2098 1186 2136; x_wconf 90' lang='lat' dir='ltr'>con-</span> 
     </span>
     <span class='ocr_line' id='line_1_22' title="bbox 162 2163 1185 2240; baseline -0.002 -17"><span class='ocrx_word' id='word_1_151' title='bbox 162 2165 306 2224; x_wconf 86' lang='lat' dir='ltr'>tendisse.</span> <span class='ocrx_word' id='word_1_152' title='bbox 364 2163 463 2234; x_wconf 82' lang='lat' dir='ltr'>Quum</span> <span class='ocrx_word' id='word_1_153' title='bbox 499 2164 607 2240; x_wconf 86' lang='lat' dir='ltr'>vellet,</span> <span class='ocrx_word' id='word_1_154' title='bbox 648 2164 896 2240; x_wconf 83' lang='lat' dir='ltr'>congrederetur:</span> <span class='ocrx_word' id='word_1_155' title='bbox 952 2164 1185 2236; x_wconf 83' lang='lat' dir='ltr'>intellecturum,</span> 
     </span>
     <span class='ocr_line' id='line_1_23' title="bbox 163 2249 1187 2331; baseline -0.004 -21"><span class='ocrx_word' id='word_1_156' title='bbox 163 2251 235 2327; x_wconf 88' lang='lat' dir='ltr'>quid</span> <span class='ocrx_word' id='word_1_157' title='bbox 278 2250 384 2310; x_wconf 87' lang='lat' dir='ltr'>invicti</span> <span class='ocrx_word' id='word_1_158' title='bbox 423 2249 579 2325; x_wconf 81' lang='lat' dir='ltr'>Germani,</span> <span class='ocrx_word' id='word_1_159' title='bbox 625 2249 870 2331; x_wconf 84' lang='lat' dir='ltr'>exercitatissimi</span> <span class='ocrx_word' id='word_1_160' title='bbox 912 2249 944 2308; x_wconf 91' lang='lat' dir='ltr'>in</span> <span class='ocrx_word' id='word_1_161' title='bbox 985 2250 1091 2323; x_wconf 90' lang='lat' dir='ltr'>armis,</span> <span class='ocrx_word' id='word_1_162' title='bbox 1137 2249 1187 2325; x_wconf 91' lang='lat' dir='ltr'>qui</span> 
     </span>
     <span class='ocr_line' id='line_1_24' title="bbox 161 2335 1156 2413; baseline -0.004 -17"><span class='ocrx_word' id='word_1_163' title='bbox 161 2338 240 2397; x_wconf 91' lang='lat' dir='ltr'>inter</span> <span class='ocrx_word' id='word_1_164' title='bbox 262 2356 357 2396; x_wconf 90' lang='lat' dir='ltr'>annos</span> <span class='ocrx_word' id='word_1_165' title='bbox 379 2335 460 2396; x_wconf 89' lang='lat' dir='ltr'>XIV</span> <span class='ocrx_word' id='word_1_166' title='bbox 481 2343 595 2395; x_wconf 89' lang='lat' dir='ltr'>tectum</span> <span class='ocrx_word' id='word_1_167' title='bbox 616 2356 677 2395; x_wconf 91' lang='lat' dir='ltr'>non</span> <span class='ocrx_word' id='word_1_168' title='bbox 700 2336 863 2410; x_wconf 87' lang='lat' dir='ltr'>subissent,</span> <span class='ocrx_word' id='word_1_169' title='bbox 886 2336 998 2395; x_wconf 88' lang='lat' dir='ltr'>virtute</span> <span class='ocrx_word' id='word_1_170' title='bbox 1021 2342 1156 2413; x_wconf 90' lang='lat' dir='ltr'>possent.</span> 
     </span>
     <span class='ocr_line' id='line_1_25' title="bbox 246 2421 1186 2500; baseline -0.006 -17"><span class='ocrx_word' id='word_1_171' title='bbox 246 2423 418 2483; x_wconf 84' lang='lat' dir='ltr'>XXXVII.</span> <span class='ocrx_word' id='word_1_172' title='bbox 473 2423 550 2481; x_wconf 83' lang='lat' dir='ltr'>Haec</span> <span class='ocrx_word' id='word_1_173' title='bbox 583 2423 689 2482; x_wconf 89' lang='lat' dir='ltr'>eodem</span> <span class='ocrx_word' id='word_1_174' title='bbox 727 2429 862 2500; x_wconf 87' lang='lat' dir='ltr'>tempore</span> <span class='ocrx_word' id='word_1_175' title='bbox 897 2421 1012 2480; x_wconf 84' lang='lat' dir='ltr'>Caesari</span> <span class='ocrx_word' id='word_1_176' title='bbox 1044 2421 1186 2479; x_wconf 88' lang='lat' dir='ltr'>mandata</span> 
     </span>
     <span class='ocr_line' id='line_1_26' title="bbox 161 2507 1186 2585; baseline -0.005 -16"><span class='ocrx_word' id='word_1_177' title='bbox 161 2510 383 2584; x_wconf 87' lang='lat' dir='ltr'>referebantur,</span> <span class='ocrx_word' id='word_1_178' title='bbox 419 2515 449 2568; x_wconf 89' lang='lat' dir='ltr'>et</span> <span class='ocrx_word' id='word_1_179' title='bbox 474 2509 569 2585; x_wconf 83' lang='lat' dir='ltr'>legati</span> <span class='ocrx_word' id='word_1_180' title='bbox 596 2510 634 2567; x_wconf 92' lang='lat' dir='ltr'>ab</span> <span class='ocrx_word' id='word_1_181' title='bbox 662 2508 790 2567; x_wconf 91' lang='lat' dir='ltr'>Haeduis</span> <span class='ocrx_word' id='word_1_182' title='bbox 819 2514 850 2567; x_wconf 89' lang='lat' dir='ltr'>et</span> <span class='ocrx_word' id='word_1_183' title='bbox 877 2528 895 2566; x_wconf 88' lang='lat' dir='ltr'>a</span> <span class='ocrx_word' id='word_1_184' title='bbox 922 2507 1057 2568; x_wconf 82' lang='lat' dir='ltr'>Treviris</span> <span class='ocrx_word' id='word_1_185' title='bbox 1085 2507 1186 2566; x_wconf 88' lang='lat' dir='ltr'>venie-</span> 
     </span>
    </p>
   </div>
   <div class='ocr_carea' id='block_1_3' title="bbox 67 2592 1185 2669">
    <p class='ocr_par' dir='ltr' id='par_1_3' title="bbox 67 2592 1185 2669">
     <span class='ocr_line' id='line_1_27' title="bbox 67 2592 1185 2669; baseline -0.004 -15"><span class='ocrx_word' id='word_1_186' title='bbox 67 2596 71 2605; x_wconf 84' lang='grc'><strong>’</strong></span> <span class='ocrx_word' id='word_1_187' title='bbox 160 2597 243 2654; x_wconf 90' lang='lat' dir='ltr'>bant:</span> <span class='ocrx_word' id='word_1_188' title='bbox 293 2595 406 2653; x_wconf 85' lang='lat' dir='ltr'>Haedui</span> <span class='ocrx_word' id='word_1_189' title='bbox 440 2602 596 2669; x_wconf 89' lang='lat' dir='ltr'>questum,</span> <span class='ocrx_word' id='word_1_190' title='bbox 632 2594 713 2669; x_wconf 91' lang='lat' dir='ltr'>quod</span> <span class='ocrx_word' id='word_1_191' title='bbox 747 2593 905 2668; x_wconf 87' lang='lat' dir='ltr'>Harudes,</span> <span class='ocrx_word' id='word_1_192' title='bbox 941 2595 992 2668; x_wconf 90' lang='lat' dir='ltr'>qui</span> <span class='ocrx_word' id='word_1_193' title='bbox 1024 2613 1122 2669; x_wconf 85' lang='lat' dir='ltr'>nuper</span> <span class='ocrx_word' id='word_1_194' title='bbox 1154 2592 1185 2650; x_wconf 89' lang='lat' dir='ltr'>in</span> 
     </span>
    </p>
   </div>
   <div class='ocr_carea' id='block_1_4' title="bbox 160 2677 1186 3443">
    <p class='ocr_par' dir='ltr' id='par_1_4' title="bbox 160 2677 1186 3443">
     <span class='ocr_line' id='line_1_28' title="bbox 163 2677 1184 2756; baseline -0.005 -16"><span class='ocrx_word' id='word_1_195' title='bbox 163 2681 292 2740; x_wconf 82' lang='lat' dir='ltr'>Galliam</span> <span class='ocrx_word' id='word_1_196' title='bbox 324 2680 523 2756; x_wconf 89' lang='lat' dir='ltr'>transportati</span> <span class='ocrx_word' id='word_1_197' title='bbox 556 2687 673 2753; x_wconf 88' lang='lat' dir='ltr'>essent,</span> <span class='ocrx_word' id='word_1_198' title='bbox 706 2677 783 2737; x_wconf 88' lang='lat' dir='ltr'>fines</span> <span class='ocrx_word' id='word_1_199' title='bbox 818 2698 921 2736; x_wconf 90' lang='lat' dir='ltr'>eorum</span> <span class='ocrx_word' id='word_1_200' title='bbox 953 2679 1184 2755; x_wconf 52' lang='lat' dir='ltr'>popularentmu</span> 
     </span>
     <span class='ocr_line' id='line_1_29' title="bbox 162 2763 1185 2841; baseline -0.006 -15"><span class='ocrx_word' id='word_1_201' title='bbox 162 2786 230 2826; x_wconf 88' lang='lat' dir='ltr'>sese</span> <span class='ocrx_word' id='word_1_202' title='bbox 263 2787 301 2825; x_wconf 90' lang='lat' dir='ltr'>ne</span> <span class='ocrx_word' id='word_1_203' title='bbox 335 2765 491 2824; x_wconf 91' lang='lat' dir='ltr'>obsidibus</span> <span class='ocrx_word' id='word_1_204' title='bbox 525 2764 647 2839; x_wconf 90' lang='lat' dir='ltr'>quidem</span> <span class='ocrx_word' id='word_1_205' title='bbox 685 2763 764 2823; x_wconf 89' lang='lat' dir='ltr'>datis</span> <span class='ocrx_word' id='word_1_206' title='bbox 797 2783 904 2841; x_wconf 90' lang='lat' dir='ltr'>paoem</span> <span class='ocrx_word' id='word_1_207' title='bbox 936 2764 1085 2823; x_wconf 85' lang='lat' dir='ltr'>Ariovisti</span> <span class='ocrx_word' id='word_1_208' title='bbox 1117 2763 1185 2821; x_wconf 89' lang='lat' dir='ltr'>red-</span> 
     </span>
     <span class='ocr_line' id='line_1_30' title="bbox 161 2849 1185 2930; baseline -0.006 -18"><span class='ocrx_word' id='word_1_209' title='bbox 161 2854 253 2912; x_wconf 87' lang='lat' dir='ltr'>imere</span> <span class='ocrx_word' id='word_1_210' title='bbox 297 2851 447 2930; x_wconf 86' lang='lat' dir='ltr'>potuisse;</span> <span class='ocrx_word' id='word_1_211' title='bbox 493 2850 612 2910; x_wconf 80' lang='lat' dir='ltr'>Treviri</span> <span class='ocrx_word' id='word_1_212' title='bbox 656 2856 771 2925; x_wconf 89' lang='lat' dir='ltr'>autem,</span> <span class='ocrx_word' id='word_1_213' title='bbox 815 2869 912 2927; x_wconf 85' lang='lat' dir='ltr'>pagos</span> <span class='ocrx_word' id='word_1_214' title='bbox 952 2856 1072 2908; x_wconf 90' lang='lat' dir='ltr'>centum</span> <span class='ocrx_word' id='word_1_215' title='bbox 1112 2849 1185 2908; x_wconf 83' lang='lat' dir='ltr'>Sve-</span> 
     </span>
     <span class='ocr_line' id='line_1_31' title="bbox 161 2935 1186 3014; baseline -0.007 -15"><span class='ocrx_word' id='word_1_216' title='bbox 161 2960 269 2999; x_wconf 89' lang='lat' dir='ltr'>vorum</span> <span class='ocrx_word' id='word_1_217' title='bbox 302 2937 341 2997; x_wconf 90' lang='lat' dir='ltr'>ad</span> <span class='ocrx_word' id='word_1_218' title='bbox 373 2937 455 3014; x_wconf 88' lang='lat' dir='ltr'>ripas</span> <span class='ocrx_word' id='word_1_219' title='bbox 484 2936 584 2994; x_wconf 83' lang='lat' dir='ltr'>Rheni</span> <span class='ocrx_word' id='word_1_220' title='bbox 613 2935 804 3010; x_wconf 89' lang='lat' dir='ltr'>consedisse,</span> <span class='ocrx_word' id='word_1_221' title='bbox 840 2936 891 3010; x_wconf 93' lang='lat' dir='ltr'>qui</span> <span class='ocrx_word' id='word_1_222' title='bbox 918 2936 1059 2994; x_wconf 85' lang='lat' dir='ltr'>Rhenum</span> <span class='ocrx_word' id='word_1_223' title='bbox 1087 2942 1186 2993; x_wconf 86' lang='lat' dir='ltr'>trans-</span> 
     </span>
     <span class='ocr_line' id='line_1_32' title="bbox 160 3021 1186 3099; baseline -0.007 -15"><span class='ocrx_word' id='word_1_224' title='bbox 160 3026 210 3084; x_wconf 91' lang='lat' dir='ltr'>ire</span> <span class='ocrx_word' id='word_1_225' title='bbox 232 3030 438 3097; x_wconf 72' lang='lat' dir='ltr'>conarentur,</span> <span class='ocrx_word' id='word_1_226' title='bbox 483 3023 520 3080; x_wconf 89' lang='lat' dir='ltr'>iis</span> <span class='ocrx_word' id='word_1_227' title='bbox 564 3041 703 3099; x_wconf 84' lang='lat' dir='ltr'>praeesse</span> <span class='ocrx_word' id='word_1_228' title='bbox 746 3022 883 3082; x_wconf 87' lang='lat' dir='ltr'>Nasuam</span> <span class='ocrx_word' id='word_1_229' title='bbox 928 3028 958 3080; x_wconf 90' lang='lat' dir='ltr'>et</span> <span class='ocrx_word' id='word_1_230' title='bbox 1003 3021 1186 3080; x_wconf 78' lang='lat' dir='ltr'>Cimberium</span> 
     </span>
     <span class='ocr_line' id='line_1_33' title="bbox 161 3108 1186 3181; baseline -0.005 -12"><span class='ocrx_word' id='word_1_231' title='bbox 161 3110 281 3169; x_wconf 70' lang='lat' dir='ltr'>batres.</span> <span class='ocrx_word' id='word_1_232' title='bbox 338 3109 454 3181; x_wconf 76' lang='lat' dir='ltr'>Quibus</span> <span class='ocrx_word' id='word_1_233' title='bbox 497 3109 589 3167; x_wconf 86' lang='lat' dir='ltr'>rebus</span> <span class='ocrx_word' id='word_1_234' title='bbox 634 3108 738 3166; x_wconf 80' lang='lat' dir='ltr'>Caesar</span> <span class='ocrx_word' id='word_1_235' title='bbox 781 3108 975 3168; x_wconf 88' lang='lat' dir='ltr'>vehementer</span> <span class='ocrx_word' id='word_1_236' title='bbox 1020 3114 1186 3166; x_wconf 86' lang='lat' dir='ltr'>commotus</span> 
     </span>
     <span class='ocr_line' id='line_1_34' title="bbox 162 3193 1186 3270; baseline -0.005 -15"><span class='ocrx_word' id='word_1_237' title='bbox 162 3196 373 3255; x_wconf 88' lang='lat' dir='ltr'>maturandum</span> <span class='ocrx_word' id='word_1_238' title='bbox 402 3195 461 3253; x_wconf 90' lang='lat' dir='ltr'>sibi</span> <span class='ocrx_word' id='word_1_239' title='bbox 491 3194 689 3270; x_wconf 87' lang='lat' dir='ltr'>existimavit,</span> <span class='ocrx_word' id='word_1_240' title='bbox 723 3214 776 3268; x_wconf 92' lang='lat' dir='ltr'>ne,</span> <span class='ocrx_word' id='word_1_241' title='bbox 812 3195 838 3251; x_wconf 91' lang='lat' dir='ltr'>si</span> <span class='ocrx_word' id='word_1_242' title='bbox 867 3215 947 3253; x_wconf 85' lang='lat' dir='ltr'>nova</span> <span class='ocrx_word' id='word_1_243' title='bbox 976 3213 1083 3251; x_wconf 88' lang='lat' dir='ltr'>manus</span> <span class='ocrx_word' id='word_1_244' title='bbox 1112 3193 1186 3251; x_wconf 82' lang='lat' dir='ltr'>Sve-</span> 
     </span>
     <span class='ocr_line' id='line_1_35' title="bbox 162 3279 1185 3358; baseline -0.005 -17"><span class='ocrx_word' id='word_1_245' title='bbox 162 3302 268 3341; x_wconf 89' lang='lat' dir='ltr'>vorum</span> <span class='ocrx_word' id='word_1_246' title='bbox 297 3301 365 3340; x_wconf 89' lang='lat' dir='ltr'>oum</span> <span class='ocrx_word' id='word_1_247' title='bbox 391 3280 545 3340; x_wconf 82' lang='lat' dir='ltr'>veteribus</span> <span class='ocrx_word' id='word_1_248' title='bbox 575 3280 670 3358; x_wconf 88' lang='lat' dir='ltr'>copiis</span> <span class='ocrx_word' id='word_1_249' title='bbox 692 3280 840 3338; x_wconf 86' lang='lat' dir='ltr'>Ariovisti</span> <span class='ocrx_word' id='word_1_250' title='bbox 869 3299 937 3337; x_wconf 91' lang='lat' dir='ltr'>sese</span> <span class='ocrx_word' id='word_1_251' title='bbox 967 3279 1185 3356; x_wconf 74' lang='lat' dir='ltr'>conjunxisset,</span> 
     </span>
     <span class='ocr_line' id='line_1_36' title="bbox 162 3364 1186 3443; baseline -0.005 -18"><span class='ocrx_word' id='word_1_252' title='bbox 162 3369 260 3426; x_wconf 91' lang='lat' dir='ltr'>minus</span> <span class='ocrx_word' id='word_1_253' title='bbox 282 3365 372 3425; x_wconf 82' lang='lat' dir='ltr'>facile</span> <span class='ocrx_word' id='word_1_254' title='bbox 393 3366 496 3425; x_wconf 88' lang='lat' dir='ltr'>resisti</span> <span class='ocrx_word' id='word_1_255' title='bbox 517 3372 632 3443; x_wconf 89' lang='lat' dir='ltr'>posset.</span> <span class='ocrx_word' id='word_1_256' title='bbox 678 3366 787 3441; x_wconf 89' lang='lat' dir='ltr'>Itaque</span> <span class='ocrx_word' id='word_1_257' title='bbox 809 3386 842 3424; x_wconf 90' lang='lat' dir='ltr'>re</span> <span class='ocrx_word' id='word_1_258' title='bbox 865 3364 1072 3440; x_wconf 86' lang='lat' dir='ltr'>frumentaria,</span> <span class='ocrx_word' id='word_1_259' title='bbox 1097 3384 1186 3439; x_wconf 85' lang='lat' dir='ltr'>quam</span> 
     </span>
    </p>
   </div>
   <div class='ocr_carea' id='block_1_5' title="bbox 162 3450 1188 4048">
    <p class='ocr_par' dir='ltr' id='par_1_5' title="bbox 162 3450 1186 3600">
     <span class='ocr_line' id='line_1_37' title="bbox 163 3450 1186 3529; baseline -0.005 -17"><span class='ocrx_word' id='word_1_260' title='bbox 163 3452 317 3514; x_wconf 88' lang='lat' dir='ltr'>celerrime</span> <span class='ocrx_word' id='word_1_261' title='bbox 350 3452 463 3529; x_wconf 91' lang='lat' dir='ltr'>potuit,</span> <span class='ocrx_word' id='word_1_262' title='bbox 498 3458 671 3529; x_wconf 86' lang='lat' dir='ltr'>comparata</span> <span class='ocrx_word' id='word_1_263' title='bbox 697 3451 815 3527; x_wconf 84' lang='lat' dir='ltr'>magnis</span> <span class='ocrx_word' id='word_1_264' title='bbox 843 3451 1002 3509; x_wconf 89' lang='lat' dir='ltr'>itineribus</span> <span class='ocrx_word' id='word_1_265' title='bbox 1032 3451 1070 3509; x_wconf 89' lang='lat' dir='ltr'>ad</span> <span class='ocrx_word' id='word_1_266' title='bbox 1097 3450 1186 3507; x_wconf 85' lang='lat' dir='ltr'>Ario·</span> 
     </span>
     <span class='ocr_line' id='line_1_38' title="bbox 162 3537 461 3600; baseline -0.017 0"><span class='ocrx_word' id='word_1_267' title='bbox 162 3540 275 3600; x_wconf 89' lang='lat' dir='ltr'>vistum</span> <span class='ocrx_word' id='word_1_268' title='bbox 297 3537 461 3598; x_wconf 89' lang='lat' dir='ltr'>contendit.</span> 
     </span>
    </p>

    <p class='ocr_par' dir='ltr' id='par_1_6' title="bbox 162 3623 1188 4048">
     <span class='ocr_line' id='line_1_39' title="bbox 247 3623 1187 3700; baseline -0.006 -17"><span class='ocrx_word' id='word_1_269' title='bbox 247 3624 437 3684; x_wconf 89' lang='lat' dir='ltr'>XXXVIH.</span> <span class='ocrx_word' id='word_1_270' title='bbox 495 3623 594 3694; x_wconf 82' lang='lat' dir='ltr'>Quum</span> <span class='ocrx_word' id='word_1_271' title='bbox 625 3623 717 3682; x_wconf 90' lang='lat' dir='ltr'>tridui</span> <span class='ocrx_word' id='word_1_272' title='bbox 750 3623 830 3682; x_wconf 89' lang='lat' dir='ltr'>viam</span> <span class='ocrx_word' id='word_1_273' title='bbox 861 3623 1078 3700; x_wconf 85' lang='lat' dir='ltr'>processisset,</span> <span class='ocrx_word' id='word_1_274' title='bbox 1112 3641 1187 3678; x_wconf 93' lang='lat' dir='ltr'>nun-</span> 
     </span>
     <span class='ocr_line' id='line_1_40' title="bbox 163 3707 1187 3783; baseline -0.005 -14"><span class='ocrx_word' id='word_1_275' title='bbox 163 3711 269 3769; x_wconf 85' lang='lat' dir='ltr'>tiatum</span> <span class='ocrx_word' id='word_1_276' title='bbox 313 3716 371 3769; x_wconf 83' lang='lat' dir='ltr'>est.</span> <span class='ocrx_word' id='word_1_277' title='bbox 398 3710 427 3769; x_wconf 91' lang='lat' dir='ltr'>ei</span> <span class='ocrx_word' id='word_1_278' title='bbox 464 3709 652 3769; x_wconf 86' lang='lat' dir='ltr'>Ariovistum</span> <span class='ocrx_word' id='word_1_279' title='bbox 695 3729 764 3768; x_wconf 91' lang='lat' dir='ltr'>cum</span> <span class='ocrx_word' id='word_1_280' title='bbox 808 3708 870 3767; x_wconf 86' lang='lat' dir='ltr'>suis</span> <span class='ocrx_word' id='word_1_281' title='bbox 916 3708 1052 3767; x_wconf 90' lang='lat' dir='ltr'>omnibus</span> <span class='ocrx_word' id='word_1_282' title='bbox 1092 3707 1187 3783; x_wconf 86' lang='lat' dir='ltr'>copiis</span> 
     </span>
     <span class='ocr_line' id='line_1_41' title="bbox 164 3793 1187 3874; baseline -0.006 -19"><span class='ocrx_word' id='word_1_283' title='bbox 164 3796 203 3855; x_wconf 90' lang='lat' dir='ltr'>ad</span> <span class='ocrx_word' id='word_1_284' title='bbox 231 3795 438 3874; x_wconf 87' lang='lat' dir='ltr'>occupandum</span> <span class='ocrx_word' id='word_1_285' title='bbox 459 3795 689 3870; x_wconf 90' lang='lat' dir='ltr'>Vesontionem,</span> <span class='ocrx_word' id='word_1_286' title='bbox 725 3795 806 3871; x_wconf 87' lang='lat' dir='ltr'>quod</span> <span class='ocrx_word' id='word_1_287' title='bbox 840 3802 887 3853; x_wconf 87' lang='lat' dir='ltr'>est</span> <span class='ocrx_word' id='word_1_288' title='bbox 921 3793 1064 3871; x_wconf 89' lang='lat' dir='ltr'>oppidum</span> <span class='ocrx_word' id='word_1_289' title='bbox 1093 3793 1187 3851; x_wconf 87' lang='lat' dir='ltr'>maxi-</span> 
     </span>
     <span class='ocr_line' id='line_1_42' title="bbox 163 3878 1188 3958; baseline -0.005 -18"><span class='ocrx_word' id='word_1_290' title='bbox 163 3903 243 3941; x_wconf 88' lang='lat' dir='ltr'>mum</span> <span class='ocrx_word' id='word_1_291' title='bbox 281 3882 501 3958; x_wconf 81' lang='lat' dir='ltr'>Sequanorum,</span> <span class='ocrx_word' id='word_1_292' title='bbox 548 3881 729 3940; x_wconf 86' lang='lat' dir='ltr'>contendere</span> <span class='ocrx_word' id='word_1_293' title='bbox 767 3881 918 3955; x_wconf 89' lang='lat' dir='ltr'>triduique</span> <span class='ocrx_word' id='word_1_294' title='bbox 959 3880 1040 3939; x_wconf 89' lang='lat' dir='ltr'>viam</span> <span class='ocrx_word' id='word_1_295' title='bbox 1074 3900 1091 3937; x_wconf 88' lang='lat' dir='ltr'>a</span> <span class='ocrx_word' id='word_1_296' title='bbox 1124 3878 1188 3937; x_wconf 90' lang='lat' dir='ltr'>suis</span> 
     </span>
     <span class='ocr_line' id='line_1_43' title="bbox 162 3965 1186 4048; baseline -0.006 -22"><span class='ocrx_word' id='word_1_297' title='bbox 162 3966 273 4026; x_wconf 88' lang='lat' dir='ltr'>finibus</span> <span class='ocrx_word' id='word_1_298' title='bbox 306 3966 484 4046; x_wconf 86' lang='lat' dir='ltr'>profecisse.</span> <span class='ocrx_word' id='word_1_299' title='bbox 535 3967 573 4025; x_wconf 93' lang='lat' dir='ltr'>Id</span> <span class='ocrx_word' id='word_1_300' title='bbox 600 3987 638 4025; x_wconf 90' lang='lat' dir='ltr'>ne</span> <span class='ocrx_word' id='word_1_301' title='bbox 668 3966 833 4042; x_wconf 88' lang='lat' dir='ltr'>accideret,</span> <span class='ocrx_word' id='word_1_302' title='bbox 867 3984 976 4042; x_wconf 86' lang='lat' dir='ltr'>magno</span> <span class='ocrx_word' id='word_1_303' title='bbox 1008 3985 1098 4043; x_wconf 91' lang='lat' dir='ltr'>opere</span> <span class='ocrx_word' id='word_1_304' title='bbox 1129 3965 1186 4048; x_wconf 79' lang='lat' dir='ltr'>sibi</span> 
     </span>
    </p>
   </div>
   <div class='ocr_carea' id='block_1_6' title="bbox 0 0 1340 4456">
    <p class='ocr_par' dir='ltr' id='par_1_7' title="bbox 0 0 1340 4456">
     <span class='ocr_line' id='line_1_44' title="bbox 0 0 1340 4456; baseline 0 0"><span class='ocrx_word' id='word_1_305' title='bbox 0 0 1340 4456; x_wconf 95' lang='lat' dir='ltr'> </span> 
     </span>
    </p>
   </div>
  </div>
 </body>
</html>
