2670 4456
178 267 237 324 106
481 260 534 312 DE
553 258 679 311 BELLO
700 258 869 313 GALLIOO
939 253 943 258 ’

174 455 326 514 sideribus
359 466 450 528 atque
485 473 588 511 eorum
620 460 712 521 motu,
747 454 785 511 de
820 454 925 511 mundi
959 474 994 512 ac
1029 464 1182 512 terrarum

173 540 390 617 magnitudine,
416 539 453 596 de
475 559 576 596 rerum
598 546 722 612 natura,
753 539 790 597 de
819 540 944 598 deorum
967 540 1182 598 immortalium

174 628 204 685 vi
228 647 263 683 ac
285 632 438 701 potestate
462 624 621 701 disputant
643 631 673 682 et
692 624 848 699 juventuti
872 624 1005 682 tradunt.

261 711 331 768 XV.
378 709 517 767 Alterum
541 729 637 785 genus
669 717 716 768 est
747 711 892 784 equitum.
938 711 989 785 Hi,
1020 730 1112 784 quum
1135 717 1184 768 est

176 816 251 854 usus
275 804 365 870 atque
389 795 512 869 aliquod
540 796 653 853 bellum
675 796 782 854 incidit
811 795 905 870 (quod
932 795 998 854 fere
1022 802 1092 854 ante
1117 794 1183 854 016-

177 882 255 940 saris
278 882 442 940 adventurn
465 882 627 955 quotannis
651 881 790 939 accidere
813 881 949 955 solebat,
979 881 1023 939 uti
1049 889 1101 939 aut
1123 882 1184 959 ipsi

176 967 303 1042 injurias
332 966 481 1024 inferrent
516 974 568 1024 aut
597 967 699 1024 illatas
735 967 978 1043 propulsarent),
1015 987 1118 1025 omnes
1153 967 1184 1024 in

175 1052 256 1110 bello
290 1061 466 1124 versantur3
502 1061 593 1126 atque
625 1072 728 1110 eorum
762 1060 795 1110 ut
829 1054 958 1127 quisque
990 1060 1037 1110 est
1070 1071 1183 1129 genere

178 1137 332 1215 copiisque
357 1138 576 1213 amplissimus,
608 1138 649 1194 ita
679 1139 825 1214 plurimos
855 1139 968 1196 circum
999 1157 1032 1196 se
1062 1139 1184 1196 ambac-

177 1231 225 1282 tos
249 1224 434 1297 clientesque
456 1223 557 1280 habet.
593 1223 682 1280 Hanc
700 1245 791 1281 unam
809 1224 938 1300 gratiam
955 1224 1185 1300 potentiamque

179 1316 338 1367 noverunt.

264 1394 353 1451 XVI.
404 1393 496 1451 Natio
520 1400 567 1451 est
590 1394 685 1450 omnis
710 1394 867 1452 Gallorum
891 1394 1052 1453 admodum
1082 1393 1187 1452 dedita

179 1479 385 1553 religionibus,
410 1484 501 1552 atque
525 1480 562 1536 ob
587 1499 653 1536 eam
677 1499 809 1556 causam,
834 1480 886 1554 qui
909 1478 1097 1538 suntaffecti
1114 1499 1184 1555 gra-

181 1564 316 1621 vioribus
334 1565 448 1621 morbis
466 1564 578 1638 quique
600 1564 632 1621 in
655 1565 770 1641 proeliis
788 1566 993 1642 periculisque
1012 1570 1184 1637 versantur,

182 1656 234 1708 aut
255 1669 310 1725 pro
340 1650 472 1708 victimis
500 1650 638 1707 homines
661 1651 817 1708 immolant
847 1658 899 1708 aut
922 1671 954 1710 se
978 1650 1186 1708 immolaturos

181 1741 295 1794 vovent
313 1735 560 1809 administrisque
584 1735 622 1792 ad
646 1756 681 1793 ea
693 1735 844 1794 sacrificia
860 1736 1030 1794 Druidibus
1048 1742 1186 1809 utuntur,

181 1820 271 1894 quod,
295 1841 349 1896 pro
373 1821 437 1879 vita
460 1821 588 1878 hominis
611 1821 670 1878 nisi
693 1821 822 1879 hominis
846 1823 909 1881 vita
931 1821 1094 1893 reddatur,
1125 1839 1187 1878 non

180 1925 272 1982 posse
306 1905 430 1963 deorum
463 1906 677 1964 immortalium
711 1927 820 1964 1111161
849 1907 964 1984 placari
988 1907 1186 1979 arbitrantur,

181 1990 363 2067 publiceque
392 1991 530 2064 ejusdem
557 1992 677 2067 generis
712 1993 825 2050 hebent
859 1993 1000 2051 instituta
1023 1990 1183 2050 sacrificia.

181 2075 243 2132 Alii
282 2076 405 2133 immani
444 2076 651 2151 magnitudine
686 2078 847 2136 simulacra
887 2079 1017 2152 habent,
1059 2096 1189 2151 quorum

183 2167 325 2219 contexta
352 2161 515 2220 viminibus
548 2163 682 2219 membra
712 2164 791 2221 vivis
822 2164 994 2222 hominibus
1023 2163 1187 2239 complent,

185 2246 293 2321 quibus
322 2247 478 2305 succensis
508 2248 706 2306 circumventi
739 2247 861 2306 flamma
895 2249 1104 2307 exanimantur
1134 2247 1190 2305 ho-

183 2333 289 2390 mines.
336 2333 491 2411 Supplicia
515 2353 633 2407 eorum,
670 2334 721 2408 qui
754 2334 785 2391 in
812 2330 895 2392 'furto
926 2341 977 2393 aut
1005 2334 1037 2391 in
1064 2331 1189 2391 latroci-

184 2418 232 2475 nio
265 2426 316 2476 aut
346 2419 448 2493 aliqua
480 2419 571 2476 noxia
604 2420 679 2476 sint
701 2420 928 2495 comprehensi,
959 2418 1094 2496 gratiora
1129 2417 1189 2476 diis

182 2503 403 2561 immortalibus
427 2524 495 2562 esse
519 2504 713 2575 arbitrantur3
739 2504 794 2562 sed
812 2524 905 2579 quum
923 2505 990 2580 ejus
1005 2504 1125 2581 generis
1139 2523 1189 2561 co-

183 2589 233 2664 pia
256 2588 378 2661 defecit,
402 2591 493 2647 etiarn
517 2589 555 2646 ad
578 2589 782 2647 innocentium
811 2591 961 2667 supplicia
984 2588 1185 2648 descendunt.

270 2673 377 2731 XVII.
410 2675 511 2732 Deum
522 2675 651 2731 maxime
663 2675 850 2732 Mercurium
868 2677 984 2747 colrmt;
1009 2673 1099 2750 hujus
1118 2680 1191 2732 sunt

184 2757 314 2834 plurima
337 2758 508 2832 simulacra,
532 2760 611 2816 hunc
636 2760 768 2816 omnium
796 2761 987 2819 inventorem
1011 2760 1121 2818 artium
1143 2757 1191 2817 fe·
1243 2796 1248 2803 -

184 2849 264 2914 runt,
288 2843 367 2901 hunc
390 2844 507 2902 viarum
530 2851 621 2919 atque
643 2844 785 2901 itinerum
797 2845 915 2919 ducem,
940 2847 1019 2904 hunc
1043 2844 1082 2903 ad
1106 2864 1190 2919 quae·

125 2965 130 2972 ·
185 2934 251 2986 stus
274 2929 410 3005 pecuniae
434 2938 682 3005 mercaturasque
706 2931 818 2988 habere
841 2932 903 2989 vim
924 2931 1086 2989 maximam
1110 2930 1191 2988 arbi-

186 3021 320 3087 trantur;
352 3023 424 3091 post
451 3017 531 3073 hunc
559 3016 732 3092 Apollinem
767 3024 796 3074 61
819 3016 949 3074 Martem
972 3023 1002 3074 61
1025 3016 1136 3075 Jovem
1161 3021 1193 3073 et

186 3098 364 3159 Mineruam.
410 3101 458 3159 De
480 3101 527 3159 his
551 3101 678 3159 eandem
701 3101 776 3175 fere,
809 3122 899 3176 quam
920 3102 1046 3176 reliquae
1069 3107 1190 3177 gentes,

184 3183 297 3242 habent
320 3185 504 3261 opinionem:
529 3186 703 3262 Apollinem
732 3188 854 3245 morbos
884 3187 1045 3264 depellere,
1075 3185 1191 3243 Miner·

185 3284 266 3328 vam·
289 3289 415 3345 operum
452 3278 543 3346 atque
578 3271 773 3330 artificiorum
800 3272 887 3330 initia
914 3273 1050 3346 tradere,
1079 3271 1193 3330 Jovem

183 3354 342 3430 imperium
360 3355 526 3414 caelestium
547 3366 661 3430 tenere,
685 3358 815 3415 Martem
837 3358 918 3416 bella
939 3377 1055 3434 regere.
1097 3356 1190 3431 Huic,

186 3459 278 3513 quum
300 3439 407 3517 proelio
431 3441 574 3498 dimicare
605 3443 838 3516 constituerunt,
870 3463 914 3517 ea,
945 3463 1012 3517 quae
1034 3441 1115 3500 bello
1140 3461 1190 3500 ce·

184 3525 293 3602 perint,
314 3526 493 3601 plerumque
516 3526 681 3599 devovent,
707 3548 798 3601 quum
821 3534 1052 3604 superaverunt,
1076 3526 1191 3585 anima·

183 3610 225 3667 lia
247 3617 336 3688 capta
353 3612 511 3669 immolant
532 3612 725 3686 reliquasque
749 3632 798 3670 res
821 3613 852 3670 in
874 3633 966 3670 unum
977 3613 1076 3671 locum
1089 3611 1191 3670 conte-

184 3703 263 3753 runt.
294 3696 400 3754 Multis
418 3698 449 3755 in
468 3697 643 3756 civitatibus
669 3697 776 3754 harum
792 3718 894 3755 rerum
912 3704 1067 3756 extructos
1090 3705 1191 3754 tumu-

184 3781 230 3838 los
247 3781 323 3839 locis
343 3783 528 3842 consecratis
547 3782 714 3858 conspicari
734 3782 815 3857 licet,
839 3798 937 3858 neque
962 3802 1044 3859 eaepe
1068 3780 1190 3856 accidit,

184 3872 219 3922 ut
240 3867 380 3943 neglecta
404 3868 553 3945 quispiam
575 3867 720 3943 religione
744 3875 795 3925 aut
813 3875 902 3945 capta
925 3867 1006 3944 apud
1029 3887 1063 3925 se
1086 3866 1190 3925 occul·
