2670 4456
186 289 227 345 92
491 277 545 331 nn
563 277 690 332 sauro
709 254 889 332 1111111.

187 473 297 534 Gladio
326 473 492 531 comminus
525 492 589 531 rem
622 472 702 547 gerit
724 472 866 531 Vorenus
899 480 991 546 atque
1012 493 1073 531 uno
1095 473 1190 531 inter·

187 559 269 618 fecto
303 559 437 634 reliquos
470 559 595 635 paulum
622 557 781 634 propellit;
813 556 884 616 dum
917 557 1058 635 cupidius
1085 559 1191 633 instat,

188 645 219 703 in
240 645 341 703 locum
359 643 498 720 dejectus
520 643 696 702 inferiorem
718 642 860 701 concidit.
905 643 987 701 Huic
1008 663 1116 702 rursus
1134 644 1192 702 cir-

188 738 349 789 cumvento
377 728 439 788 fert
466 728 636 788 subsidium
657 729 755 802 Pullo,
787 736 879 804 atque
906 730 994 787 ambo
1025 729 1193 788 incolumes

188 815 395 892 compluribus
428 814 601 873 interfectis
635 834 753 872 summa
786 834 855 872 cum
882 813 973 872 laude
1009 834 1078 873 sese
1110 815 1193 874 intra

188 901 370 959 munitiones
392 900 552 977 recipiunt.
588 899 638 958 Sic
661 899 785 958 fortuna
806 901 838 958 in
861 900 1053 959 contentione
1076 907 1107 959 et
1126 919 1192 958 cer-

188 987 300 1045 tamine
322 994 484 1061 utrumque
506 986 653 1058 versavit,
676 996 711 1043 ut
733 986 810 1044 alter
833 985 921 1044 alteri
942 986 1083 1044 inimicus
1107 985 1192 1043 auxi-

188 1072 228 1130 lio
258 1072 410 1147 salutique
438 1080 536 1144 esset,
567 1090 666 1146 neque
696 1070 860 1145 dijudicari
887 1079 1003 1147 posset,
1035 1079 1104 1129 uter
1131 1071 1194 1129 utri

189 1158 301 1216 virtute
325 1156 541 1215 anteferendus
564 1155 730 1215 rideretur.

275 1242 374 1300 XLV.
420 1241 541 1312 Quanto
564 1241 682 1300 eratin
705 1240 771 1300 dies
794 1241 918 1317 gravior
940 1250 1031 1315 atque
1055 1240 1193 1318 asperior

190 1327 386 1406 oppugnati0,
409 1334 441 1385 et
462 1327 592 1385 maxime
616 1326 699 1401 quod
720 1347 832 1403 magua
853 1335 942 1404 parte
971 1326 1099 1384 militum
1121 1320 1202 1384 111(

189 1413 273 1471 fecta
295 1412 471 1471 vulneribus
494 1431 544 1470 res
573 1411 613 1470 ad
645 1413 830 1489 paucitatem
864 1411 1058 1470 defensorum
1085 1431 1193 1488 perve-

119 1531 122 1537 ·
189 1508 286 1569 norat,
319 1504 405 1556 tanto
440 1497 609 1556 crebriores
642 1497 753 1556 litterae
783 1498 942 1573 nuntiique
971 1496 1011 1556 ad
1039 1495 1194 1555 Caesarem

191 1583 397 1656 mittebantur,
421 1603 549 1658 quorum
570 1603 643 1660 pars
667 1581 858 1661 deprehensa
885 1583 917 1641 in
946 1591 1112 1660 conspectu
1139 1602 1193 1640 no·

192 1677 323 1727 strorum
356 1668 484 1726 militum
518 1688 586 1727 curn
620 1669 757 1727 cruciatu
789 1669 965 1727 necabatur.
1016 1668 1092 1726 Erat
1114 1687 1194 1726 unus

191 1755 274 1812 intus
297 1754 431 1813 Nervius
453 1755 574 1812 nomine
596 1754 731 1828 Vertico,
754 1754 821 1812 loco
848 1760 939 1811 natus
961 1754 1106 1826 honesto,
1136 1753 1194 1828 qui
1298 1759 1302 1765 '

191 1861 208 1897 a
240 1840 338 1915 prima
366 1839 522 1898 obsidione
556 1839 596 1897 ad
624 1838 801 1898 Ciceronem
833 1837 1012 1916 perfugerat
1044 1857 1193 1914 suamque

191 1925 219 1982 ei
241 1923 334 1982 fidem
345 1926 541 2002 praestiterat.
576 1924 636 1983 Hic
659 1944 748 1984 servo
772 1943 828 2002 spe
850 1924 1001 1983 libertatis
1012 1925 1193 2001 magnisque

190 2008 356 2086 persuadet
377 2010 521 2086 praemiis,
544 2016 579 2067 ut
600 2009 717 2068 litteras
740 2009 779 2068 ad
792 2008 945 2068 Caesarem
965 2008 1092 2069 deferat.
1127 2009 1194 2068 Has

190 2095 242 2152 ille
265 2093 295 2152 in
314 2093 418 2170 jaculo
440 2095 575 2171 illigatas
599 2093 689 2153 effert
711 2103 742 2154 et
765 2095 874 2154 Gallus
896 2096 976 2154 inter
999 2095 1106 2154 Gallos
1129 2095 1195 2153 sine

192 2181 254 2239 ulla
284 2180 456 2257 suspicione
485 2187 627 2241 versatus
655 2180 695 2239 ad
718 2180 872 2240 Caesarem
892 2181 1041 2259 pervenit.
1086 2179 1135 2238 Ab
1159 2199 1195 2239 eo

193 2266 231 2325 de
252 2266 398 2342 periculis
422 2265 578 2325 Ciceronis
599 2266 789 2343 legionisque
812 2266 1017 2343 cognoscitur.

277 2351 394 2410 XLVI.
441 2350 545 2411 Caesar
567 2353 702 2429 acceptis
724 2353 835 2411 litteris
857 2352 932 2410 hora
955 2352 1077 2411 circiter
1099 2350 1195 2410 unde-

193 2437 270 2495 cima
292 2437 351 2495 diei
374 2439 478 2497 statim
499 2438 638 2497 nuntium
660 2438 692 2495 in
714 2437 897 2496 Bellovacos
920 2437 960 2496 ad
981 2437 1024 2495 M.
1051 2436 1197 2497 Crassum

193 2529 376 2596 quaestorem
397 2524 499 2597 mittit,
535 2523 624 2599 cujus
656 2523 785 2582 hiberna
817 2524 945 2581 aberant
978 2524 1016 2581 ab
1045 2543 1080 2581 1ο
1112 2522 1197 2581 milia

191 2626 338 2683 passuum
359 2608 462 2668 XXV.
507 2609 604 2667 Jubet
630 2608 731 2667 media
751 2616 842 2667 nocte
871 2608 1021 2684 legionem
1042 2607 1197 2686 proficisci

193 2691 392 2766 celeriterque
421 2693 460 2751 ad
489 2712 523 2751 se
550 2694 664 2752 venire.
720 2694 794 2752 Exit
821 2714 890 2752 cum
917 2694 1023 2753 nuntio
1053 2692 1194 2753 Crassus.

192 2776 332 2834 Alterum
354 2777 393 2835 ad
416 2777 595 2836 (1111111
617 2778 753 2855 legatum
775 2779 877 2854 mittit,
900 2789 936 2837 ut
956 2779 1195 2838 inAtrebatium

192 2859 268 2919 fines
291 2863 440 2938 legionem
464 2863 606 2937 adducat,
630 2883 690 2939 qua
713 2864 771 2923 sibi
793 2865 852 2923 iter
868 2864 1042 2923 faciendum
1066 2865 1192 2923 sciebat.

194 2946 307 3006 Scribit
328 2947 481 3022 Labieno,
510 2949 603 3008 sirei
647 2950 756 3008 ublicae
780 2949 937 3009 commodo
960 2949 1063 3009 facere
1085 2950 1195 3027 possit,

193 3052 261 3090 cum
283 3033 401 3110 legione
425 3033 562 3093 adfines
590 2971 773 3095 rCrviorum
801 3036 920 3109 veniat;
948 3035 1097 3110 reliquam
1126 3056 1195 3112 par-

192 3126 254 3176 tem
286 3120 447 3194 exercitus,
482 3120 564 3195 quod
596 3120 686 3197 paulo
716 3121 823 3180 aberat
848 3121 986 3198 longius,
1017 3141 1078 3179 nou
1107 3128 1196 3198 putat

192 3203 425 3279 expectandam
450 3206 569 3280 equites
591 3206 713 3264 circiter
732 3206 971 3283 quadringentos
994 3226 1032 3264 ex
1048 3206 1195 3284 proximis

192 3288 327 3346 hibernis
350 3289 473 3365 colligit.

277 3373 412 3431 XLVH.
456 3375 542 3434 Hora
565 3377 686 3435 circiter
708 3378 799 3436 tertia
821 3378 859 3435 ab
882 3377 1132 3436 antecursoribus
1155 3376 1194 3435 de

193 3457 297 3516 Crassi
319 3457 453 3517 adventu
476 3461 586 3519 certior
607 3461 709 3521 factus
738 3482 773 3521 eo
802 3462 852 3520 die
873 3463 956 3521 milia
978 3482 1125 3540 passuum
1148 3462 1194 3521 vi-

192 3543 270 3619 ginti
297 3543 444 3620 procedit.
507 3545 651 3605 Crassum
685 3546 907 3608 Samarobrivae
941 3546 1070 3626 praeficit
1102 3547 1195 3624 legio-

191 3649 321 3704 nemque
350 3629 503 3705 attribuit,
532 3632 678 3706 quodibi
700 3632 916 3711 impedimenta
944 3633 1112 3707 exercitus,
1142 3633 1196 3691 ob-

193 3714 276 3772 sides
299 3715 467 3790 civitatum,
502 3716 621 3775 litteras
653 3718 794 3795 publicas
822 3717 1068 3793 frumentumque
1096 3737 1195 3793 omne,

193 3799 275 3875 quod
304 3819 339 3858 eo
368 3800 536 3859 tolerandas
570 3802 677 3861 hiemis
706 3823 800 3863 causa
827 3803 1007 3877 devexerat,
1043 3803 1195 3878 relinque-

192 3885 254 3942 bat.
299 3885 424 3959 Fabius,
447 3893 483 3945 nt
504 3887 684 3965 imperatum
706 3897 780 3965 erat,
804 3909 864 3947 non
886 3890 931 3948 ita
950 3889 1080 3947 multum
1097 3908 1195 3947 mora·

192 3976 242 4028 tus
275 3969 307 4028 in
328 3969 436 4030 itinere
471 3992 539 4030 cum
560 3973 680 4050 legione
703 3975 845 4034 occurrit.
890 3974 1045 4034 Labienus
1067 3974 1194 4032 interitu
