2670 4456
592 261 713 316 LIBER
731 262 754 315 Ι.
1171 268 1189 326 5

157 458 297 519 duxerat
314 464 345 516 et
373 456 539 534 cupiditate
567 457 654 534 regni
683 455 833 515 adductus
862 455 950 515 novis
972 456 1065 514 rebus
1088 455 1191 516 stude·

155 546 210 604 bat
247 552 278 602 et
316 562 407 618 quam
440 542 587 620 plurimas
621 542 762 604 civitates
796 561 851 600 suo
885 540 1032 601 beneficio
1077 541 1191 602 habere

156 630 321 689 obstrictas
353 627 486 689 volebat.
542 628 651 704 Itaque
684 647 748 687 rem
777 626 906 705 suscipit
934 637 964 686 et
994 648 1012 686 a
1041 627 1191 703 Sequanis

154 716 307 793 impetrat,
341 708 376 772 ut
403 732 459 791 per
485 712 563 773 fines
585 732 659 773 suos
681 712 841 772 Helvetios
870 713 915 772 ire
943 713 1107 791 patiantur,
1138 714 1191 773 ob·

157 800 301 877 sidesque
324 798 368 858 uti
390 799 470 858 inter
492 818 561 859 sese
584 799 667 873 dent,
690 797 824 876 perficit:
857 797 999 874 Sequani,
1022 818 1062 859 ne
1083 799 1191 859 itinere

155 886 316 947 Helvetios
334 884 526 964 prohibeant,
549 884 695 959 Helvetii,
719 891 753 943 ut
773 884 838 943 sine
854 882 1003 944 maleficio
1027 892 1058 944 et
1079 882 1191 961 injuria

155 979 324 1032 transeant.
950 1018 955 1025 .

240 1056 282 1116 X.
329 1055 444 1115 Caesari
482 1055 673 1115 renuntiatur
710 1054 863 1115 Helvetiis
904 1074 973 1114 esse
1014 1056 1045 1114 in
1091 1056 1189 1114 animo

154 1162 210 1222 per
238 1163 345 1219 agrum
373 1140 582 1217 Sequanorum
610 1147 640 1200 et
662 1140 850 1200 Haeduorum
878 1141 937 1200 iter
964 1140 995 1199 in
1024 1140 1191 1199 Santonum

153 1227 231 1288 fines
261 1226 378 1301 facere,
414 1227 465 1303 qui
487 1247 548 1286 non
569 1226 660 1303 longe
684 1248 701 1286 a
724 1227 911 1286 Tolosatium
932 1225 1044 1287 finibus
1068 1228 1190 1301 absunt,

155 1333 224 1390 quae
258 1313 367 1375 civitas
396 1319 445 1372 est
471 1312 502 1371 in
529 1312 696 1390 provincia.
752 1312 792 1371 Id
820 1312 847 1371 si
874 1311 970 1386 fieret,
1000 1312 1197 1389 intelligebat·

72 1404 75 1415 '
154 1420 264 1477 magno
306 1418 375 1458 curn
407 1397 542 1476 periculo
581 1397 748 1475 prouinciae
787 1397 936 1474 futurum,
981 1405 1016 1456 ut
1053 1398 1218 1456 homines.

154 1485 332 1560 bellicosos,
377 1483 482 1561 populi
521 1483 651 1542 Romani
694 1482 848 1558 inimicos,
893 1483 968 1543 locis
1013 1483 1190 1561 patentibus

154 1571 343 1647 maximeque
370 1567 577 1629 frumentariis
606 1568 750 1628 finitimos
780 1569 916 1629 haberet.
973 1569 1020 1629 Ob
1044 1589 1096 1628 eas
1120 1589 1190 1628 oau-

155 1675 206 1716 ses
241 1657 269 1715 ei
300 1654 469 1729 munitioni,
506 1675 596 1731 quam
629 1653 754 1729 fecerat,
789 1655 823 1712 T.
853 1655 1022 1714 Labienum
1056 1656 1191 1732 legatum

153 1741 307 1820 praefecit3
352 1741 419 1818 ipse
457 1739 489 1800 in
522 1740 645 1799 Italiam
676 1739 796 1817 magnis
836 1740 997 1799 itineribus
1034 1739 1191 1800 contendit

155 1826 292 1904 duasque
330 1826 374 1885 ibi
406 1825 542 1907 legiones
577 1825 742 1885 conscribit
775 1833 806 1884 et
839 1832 921 1900 tres,
967 1846 1035 1902 quae
1077 1825 1190 1884 circum

51 1928 53 1932 ·
154 1912 329 1990 Aquileiam
359 1911 549 1987 hiemabant,
579 1931 616 1970 ex
642 1911 778 1970 hibernis
801 1911 905 1970 educit
927 1919 972 1987 et,
1008 1932 1067 1987 qua
1088 1911 1190 1991 proxi-

154 2018 236 2058 mum
268 1999 328 2057 iter
360 1997 392 2056 in
424 1996 597 2057 ulteriorem
632 1996 763 2056 Galliam
796 2017 852 2074 per
880 1997 978 2075 Alpes
1012 2005 1087 2072 erat,
1123 2011 1209 2056 cum·

153 2084 202 2143 his
234 2083 366 2159 quinque
395 2081 565 2158 legionibus
594 2083 639 2142 ire
668 2082 833 2142 contendit.
889 2083 939 2142 Ibi
963 2082 1131 2142 Oentrones
1160 2090 1192 2142 et

155 2169 311 2246 Graj'oceli
345 2175 376 2227 et
410 2167 572 2246 Caturiges
605 2169 680 2228 locis
715 2169 922 2247 superioribus
953 2169 1109 2247 occupatis
1142 2168 1190 2226 iti-

152 2274 224 2314 nere
263 2254 429 2314 exercitum
470 2254 631 2332 prohibere
670 2261 826 2313 conantur,
895 2254 1108 2334 Compluribus
1141 2253 1189 2312 his
1263 2267 1265 2272 ’
1297 2298 1301 2303 .

152 2339 269 2418 proeliis
297 2339 405 2417 pulsis,
440 2341 478 2399 ab
510 2339 613 2414 Ocelo,
648 2339 730 2415 quod
759 2346 807 2398 est
840 2341 989 2399 citerioris
1023 2339 1188 2417 provinciae

153 2433 336 2500 extremum,
364 2425 396 2484 'm
424 2424 501 2485 fines
523 2425 742 2484 Vocontiorum
763 2424 916 2484 ulterioris
944 2425 1109 2503 provinciae
1139 2424 1189 2483 die

151 2511 282 2589 septimo
304 2512 458 2588 pervenit5
482 2509 553 2570 inde
575 2511 607 2568 in
623 2510 822 2586 Allobrogum
843 2509 930 2585 fines,
956 2512 994 2570 ab
1013 2509 1190 2587 Allobrogi-'

150 2596 263 2655 busin
286 2595 473 2674 Segusiavos
496 2596 662 2655 exercitum
689 2595 782 2654 ducit.
839 2596 880 2655 Hi
909 2604 982 2668 sunt
1010 2603 1097 2655 extra
1118 2615 1188 2673 pro·
1268 2608 1270 2613 ’

154 2681 286 2742 vinciam
308 2689 395 2741 trans
417 2682 599 2741 Rhodanum
622 2681 720 2759 primi.
817 2689 819 2692 ’

226 2767 298 2848 XI.
343 2767 480 2827 Helvetii
503 2767 568 2843 jam
596 2787 652 2846 per
682 2767 840 2844 angustias
869 2774 900 2826 et
927 2767 1004 2827 fines
1034 2767 1188 2843 Sequano·
1226 2786 1229 2791 ·

152 2872 221 2911 rum
248 2872 321 2911 suas
350 2853 454 2931 copias
476 2853 676 2912 traduxerant
706 2860 736 2911 et
757 2853 789 2910 in
811 2853 999 2912 Haeduorum
1021 2852 1098 2912 fines
1120 2873 1188 2930 per·

153 2945 303 2998 venerant
336 2958 499 3015 eorumque
540 2958 630 3015 agros
662 2938 895 3017 populabantur.
936 2939 1063 2998 'Haedui
1097 2958 1190 3014 quum

152 3041 186 3082 se
220 3042 336 3100 suaque
370 3025 408 3083 ab
441 3024 480 3083 iis
514 3023 680 3084 defendere
712 3043 774 3082 non
807 3030 951 3102 possent,
996 3024 1115 3101 legatos
1150 3023 1189 3082 ad

152 3105 306 3168 Gaesarem
334 3109 459 3168 mittunt
485 3116 625 3186 rogatum
654 3109 811 3168 auxilium:
858 3110 909 3168 Ita
937 3129 970 3168 se
999 3109 1079 3169 omni
1113 3117 1188 3168 tem·

49 3238 51 3242 Α
150 3213 225 3271 pore
255 3194 294 3253 de
321 3195 433 3273 populo
461 3194 599 3254 Romano
628 3195 753 3254 meritos
776 3213 860 3270 esse,
891 3202 926 3254 ut
953 3215 1042 3274 paene
1063 3195 1096 3254 in
1118 3215 1188 3255 oon·

151 3286 261 3357 spectu
301 3280 453 3340 exercitus
493 3281 591 3340 nostri
624 3280 690 3357 agri
722 3281 853 3355 vastari,
898 3281 987 3341 liberi
1021 3301 1124 3341 eorum
1157 3280 1189 3339 in
1228 3333 1230 3338 .

153 3365 333 3424 servitutem
377 3364 505 3442 abduci,
551 3365 664 3444 oppida
707 3367 875 3444 expugnari
918 3387 979 3426 non
1018 3367 1186 3427 debuerint.

152 3449 270 3509 Eodem
298 3456 434 3528 tempore
465 3449 596 3524 [Haedui]
620 3451 778 3526 Ambarri,
806 3452 973 3513 necessarii
1002 3460 1033 3512 et
1060 3472 1187 3512 consan-

150 3535 254 3612 guinei
281 3535 484 3612 Haeduorum,
516 3537 669 3596 Oaesarem
698 3537 859 3597 certiorem
887 3536 1004 3598 faciunt
1032 3558 1101 3598 sese
1136 3537 1187 3597 de·

150 3620 304 3699 populatis
333 3621 414 3699 agris
442 3642 504 3681 non
521 3622 622 3701 ,facile
652 3625 690 3682 ab
719 3622 839 3701 oppidis
867 3624 929 3684 vim
957 3624 1089 3683 hostium
1118 3643 1187 3700 pro-

149 3706 265 3766 hibere.
332 3706 413 3766 Item
444 3704 645 3784 Allobroges,
683 3709 735 3783 qui
767 3715 853 3768 trans
886 3708 1070 3768 Rhodanum
1102 3709 1187 3769 vicos

152 3792 426 3870 possessionesque
459 3792 628 3868 habebant,
674 3792 748 3870 iuga
784 3814 817 3854 se
852 3794 890 3854 ad
926 3794 1079 3854 Oaesarem
1111 3795 1188 3854 reci-

150 3876 238 3954 piunt
268 3885 299 3937 et
327 3877 537 3938 demonstrant
565 3878 623 3938 sibi
650 3886 764 3957 praeter
795 3881 860 3956 agri
890 3880 988 3939 solum
1015 3880 1090 3938 nihil
1118 3900 1187 3940 esse

151 3961 269 4038 reliqui.
327 3961 446 4036 Quibus
478 3965 572 4024 rebus
606 3964 758 4025 adductus
793 3965 897 4025 Caesar
931 3985 993 4025 non
1024 3974 1188 4044 expectan-
