2670 4456
142 286 162 343 8
452 275 505 330 DE
523 273 650 329 BELLO
670 271 849 330 GALLIGO.

131 479 270 533 nostrum
303 471 432 549 primum
465 488 526 529 non
559 468 687 546 amplius
723 469 823 544 quinis
854 475 906 528 aut
933 468 1016 528 senis
1044 469 1167 528 milibus

132 578 278 637 passuum
300 556 474 616 interesset.

218 643 331 703 XVI..
359 641 487 701 Interim
515 639 650 717 quotidie
674 638 779 700 Gaesar
806 639 944 700 Haeduos
972 639 1166 716 frumentum,

134 729 215 805 quod
254 735 359 788 essent
396 727 518 806 publice
557 725 700 804 polliciti,
741 725 894 803 flagitare3
933 738 1004 785 nam
1041 735 1168 804 propter

132 815 256 893 frigora,
286 813 367 890 quod
391 813 491 873 Gallia
514 813 571 872 sub
594 811 863 891 septentrionibus,
892 818 927 870 ut
955 819 1025 871 ante
1054 812 1168 871 dietum

134 908 190 976 est,
225 900 327 977 posita
360 907 422 975 est,
463 919 524 958 non
563 897 652 958 modo
686 896 837 958 frumenta
870 899 901 956 in
935 897 1017 974 agris
1050 905 1168 958 matura

132 1006 194 1045 non
228 992 329 1061 erant,
371 985 426 1046 sed
459 1005 497 1044 ne
530 983 635 1063 pabuli
670 984 793 1060 quidem
826 984 902 1043 satis
936 1004 1047 1061 magna
1081 985 1168 1062 copia

133 1073 332 1150 suppetebat3
379 1092 414 1131 eo
449 1077 549 1130 autem
588 1069 754 1144 frumento,
795 1069 876 1145 quod
915 1068 1037 1128 flumine
1070 1071 1168 1130 Arare

132 1157 263 1218 navibus
297 1158 491 1231 subvexerat,
526 1163 689 1234 propterea
718 1156 761 1214 uti
790 1156 890 1215 minus
920 1163 1050 1233 poterat,
1086 1155 1167 1231 quod

132 1244 192 1303 iter
225 1244 263 1302 ab
297 1243 395 1302 Arare
428 1242 563 1303 Helvetii
597 1246 780 1315 averterant,
815 1263 832 1300 a
867 1241 976 1317 quibus
1010 1241 1168 1301 discedere

132 1329 264 1389 nolebat.
314 1328 404 1388 Diem
427 1348 464 1386 ex
487 1327 536 1386 die
565 1327 676 1387 ducere
698 1326 824 1400 Haedui,
860 1325 1001 1402 conferri,
1032 1347 1167 1405 compor-

133 1414 202 1490 tari,
237 1413 347 1473 adesse
381 1413 492 1473 dicere.
543 1412 604 1473 Ubi
638 1432 671 1473 se
705 1413 819 1472 diutius
854 1412 924 1472 duci
957 1413 1107 1472 intellexit
1138 1420 1168 1472 et

134 1500 214 1559 diem
241 1500 366 1574 instare,
401 1519 460 1575 quo
489 1498 538 1558 die
567 1497 751 1559 frumentum
778 1498 924 1557 militibus
952 1499 1052 1558 metiri
1081 1519 1167 1576 opor-

134 1593 228 1660 teret,
270 1585 445 1645 convoeatis
488 1604 591 1644 eorum
623 1585 828 1663 principibus,
868 1605 994 1661 quorum
1027 1605 1167 1661 magnam

136 1671 254 1749 copiam
285 1671 315 1730 in
352 1671 462 1730 castris
495 1671 637 1746 habebat,
672 1671 703 1730 in
736 1670 784 1730 his
817 1670 971 1730 Divitiaco
1006 1678 1036 1729 et
1066 1671 1166 1744 Lisco,

135 1757 186 1833 qui
231 1776 347 1816 summo
390 1756 582 1834 magistratui
626 1763 758 1835 praeerat
801 1756 901 1832 (quem
945 1757 1168 1833 Vergobretum

135 1842 291 1921 appellant
317 1841 445 1916 Haedui,
481 1843 532 1918 qui
567 1850 688 1902 creatur
717 1862 834 1901 annuus
863 1848 894 1900 et
921 1842 994 1901 vitae
1022 1843 1167 1918 necisque

134 1929 165 1987 in
196 1947 268 1988 suos
295 1928 389 1987 habet
416 1927 621 2005 potestatem),
655 1926 791 2005 graviter
824 1947 876 1986 eos
905 1935 1040 2002 accusat,
1076 1927 1166 2003 quod,

135 2033 226 2090 quum
259 2032 358 2088 neque
392 2012 449 2071 emi
478 2032 578 2088 neque
601 2032 639 2072 ex
661 2013 744 2090 agris
773 2014 851 2073 sumi
877 2014 986 2090 possit,
1021 2022 1082 2072 tam
1115 2033 1167 2072 ne·

134 2099 268 2158 cessario
301 2107 447 2174 tempore,
481 2105 544 2157 tam
577 2099 755 2176 propinquis
789 2098 940 2175 hostibuS,
975 2101 1012 2158 ab
1041 2101 1079 2159 iis
1107 2120 1166 2158 non

134 2185 326 2258 sublevetur,
371 2184 543 2261 praesertim
582 2205 674 2259 quum
712 2205 823 2262 magna
862 2205 899 2244 ex
939 2192 1026 2263 parte
1066 2205 1167 2244 eorum

132 2270 276 2348 precibus
311 2268 461 2329 adductus
495 2270 609 2329 bellum
636 2271 816 2348 susceperit,
849 2270 944 2330 multo
975 2271 1065 2330 etiam
1098 2291 1166 2347 gra-

137 2356 216 2432 vius,
241 2355 321 2431 quod
345 2355 386 2415 sit
408 2354 583 2432 destitutus,
608 2356 753 2431 queritur.

218 2441 326 2502 XVII.
372 2442 449 2501 Tum
468 2441 588 2501 demum
605 2442 715 2503 Liscus
740 2443 875 2502 oratione
900 2441 1030 2502 Caesaris
1055 2441 1166 2500 adduo-

132 2533 197 2601 tus,
239 2527 320 2603 quod
360 2535 451 2587 antea
484 2535 638 2603 tacuerat,
678 2529 836 2608 proponit:
882 2529 961 2588 Esse
994 2528 1164 2601 nonnullos,

133 2631 260 2687 quorum
299 2612 465 2671 auctoritas
499 2612 580 2691 apud
613 2613 734 2690 plebem
766 2614 928 2691 plurimum
960 2615 1076 2687 valeat,
1116 2613 1166 2686 qui

131 2696 244 2775 privati
270 2696 340 2774 plus
368 2696 498 2774 possint,
527 2717 618 2773 quam
645 2698 705 2775 ipsi
733 2698 939 2774 magistratus.
996 2697 1063 2754 Hos
1087 2696 1165 2754 sedi·

131 2782 211 2841 tiosa
239 2788 330 2857 atque
358 2781 497 2860 improba
525 2782 661 2842 oratione
688 2782 911 2842 multitudinem
933 2782 1096 2855 deterrere,
1128 2802 1165 2841 ne

131 2866 316 2926 frumentum
349 2865 516 2943 conferant,
552 2866 635 2943 quod
666 2867 812 2943 debeant;
851 2875 1009 2946 praestare,
1045 2866 1071 2925 si
1101 2866 1165 2942 jam

91 2953 333 3089 Wrincipattm
357 2952 466 3012 Galliac
495 2953 632 3012 obtinere
653 2974 715 3014 non
736 2954 865 3031 possint,
897 2953 1052 3013 Gallorum
1075 2972 1164 3027 quam

131 3039 337 3099 Romanorum
365 3038 492 3117 imperia
519 3036 670 3117 perferre;
705 3059 803 3116 neque
833 3039 986 3113 dubitare,
1022 3038 1103 3114 quin,
1139 3040 1164 3098 si

131 3123 292 3185 Helvetios
327 3125 540 3203 superaverint
567 3124 707 3201 Romam,
747 3146 808 3185 una
836 3145 904 3185 cum
925 3124 1043 3200 reliqua
1066 3124 1166 3183 Gallia

131 3209 259 3269 Haeduis
287 3207 460 3269 libertatem
482 3210 545 3270 sint
567 3211 709 3289 erepturi.
758 3212 808 3270 Ab
836 3211 945 3270 iisdem
967 3216 1072 3269 nostra
1095 3229 1164 3268 eon-

132 3295 218 3371 silia,
259 3315 387 3371 quaeque
421 3296 452 3354 in
487 3295 597 3356 eastris
631 3304 791 3374 gerantur,
825 3297 965 3355 hostibus
1000 3295 1162 3367 enuntiari3

131 3381 188 3440 hos
211 3401 229 3440 a
251 3400 285 3440 se
308 3381 441 3440 coerceri
468 3402 529 3441 non
558 3400 659 3459 posse.
717 3381 921 3458 Quinetiam,
956 3381 1037 3457 quod
1059 3400 1164 3440 noces-

131 3465 213 3526 sario
230 3485 295 3525 rem
312 3473 436 3526 coactus
455 3465 571 3528 Caesari
583 3468 755 3544 enuntiarit,
773 3468 943 3546 intelligere
956 3487 1033 3542 sese,
1052 3473 1164 3542 quanto

131 3551 163 3610 id
191 3571 260 3611 eum
286 3551 421 3630 periculo
451 3552 567 3629 feeerit,
603 3561 633 3614 et
662 3555 700 3614 ob
730 3573 797 3614 eam
825 3573 957 3630 causam,
993 3573 1083 3629 quam
1114 3552 1164 3610 diu

133 3637 276 3714 potuerit,
299 3637 443 3698 tacuisse.

216 3722 342 3784 XVIII.
407 3722 512 3783 Caesar
550 3724 607 3783 hae
647 3724 783 3784 oratione
817 3724 902 3784 Lisci
934 3724 1163 3800 Dumnorigem,

130 3806 277 3868 Divitiaoi
304 3806 439 3885 fratrem,
474 3808 628 3886 designari
661 3810 827 3885 sentiebat;
863 3810 927 3886 sed,
963 3809 1043 3886 quod
1071 3809 1163 3887 pluri·

130 3892 189 3952 bus
222 3894 427 3972 praesentibus
461 3913 513 3954 eas
540 3914 590 3956 res
616 3894 729 3972 jactari
756 3897 888 3971 nolebat,
924 3896 1063 3955 celeriter
1094 3915 1163 3955 eon-

131 3977 233 4037 oilium
272 3979 411 4057 dimittit,
451 3979 577 4040 Liscum
614 3981 739 4057 rainer,
786 3982 894 4057 quaerit
935 4002 972 4041 ex
1012 3982 1076 4040 solo
1118 4001 1162 4054 aa,
