<?xml version="1.0" encoding="UTF-8"?>
<!DOCTYPE html PUBLIC "-//W3C//DTD XHTML 1.0 Transitional//EN"
    "http://www.w3.org/TR/xhtml1/DTD/xhtml1-transitional.dtd">
<html xmlns="http://www.w3.org/1999/xhtml" xml:lang="en" lang="en">
 <head>
  <title>
</title>
<meta http-equiv="Content-Type" content="text/html;charset=utf-8" />
  <meta name='ocr-system' content='tesseract 3.04.00' />
  <meta name='ocr-capabilities' content='ocr_page ocr_carea ocr_par ocr_line ocrx_word'/>
</head>
<body>
  <div class='ocr_page' id='page_1' title='image "./debellogallico00caesgoog_0042.png"; bbox 0 0 2670 4456; ppageno 0'>
   <div class='ocr_carea' id='block_1_1' title="bbox 575 248 1165 316">
    <p class='ocr_par' dir='ltr' id='par_1_1' title="bbox 575 248 1165 316">
     <span class='ocr_line' id='line_1_1' title="bbox 575 248 1165 316; baseline 0.002 -14"><span class='ocrx_word' id='word_1_1' title='bbox 575 248 694 303; x_wconf 83' lang='grc'><strong>11010</strong></span> <span class='ocrx_word' id='word_1_2' title='bbox 712 250 750 304; x_wconf 87' lang='lat' dir='ltr'>u.</span> <span class='ocrx_word' id='word_1_3' title='bbox 1125 257 1165 316; x_wconf 77' lang='lat'>33</span> 
     </span>
    </p>
   </div>
   <div class='ocr_carea' id='block_1_2' title="bbox 159 444 1167 3782">
    <p class='ocr_par' dir='ltr' id='par_1_2' title="bbox 163 444 1165 780">
     <span class='ocr_line' id='line_1_2' title="bbox 163 444 1165 523; baseline 0 -19"><span class='ocrx_word' id='word_1_4' title='bbox 163 445 331 521; x_wconf 89' lang='lat' dir='ltr'>castellum,</span> <span class='ocrx_word' id='word_1_5' title='bbox 356 445 404 505; x_wconf 93' lang='lat' dir='ltr'>cui</span> <span class='ocrx_word' id='word_1_6' title='bbox 426 453 557 523; x_wconf 88' lang='lat' dir='ltr'>praeerat</span> <span class='ocrx_word' id='word_1_7' title='bbox 581 444 616 516; x_wconf 91' lang='lat' dir='ltr'>Q.</span> <span class='ocrx_word' id='word_1_8' title='bbox 642 445 777 504; x_wconf 82' lang='lat' dir='ltr'>Titurius</span> <span class='ocrx_word' id='word_1_9' title='bbox 800 446 930 522; x_wconf 90' lang='lat' dir='ltr'>legatus,</span> <span class='ocrx_word' id='word_1_10' title='bbox 956 453 1165 522; x_wconf 77' lang='lat' dir='ltr'>expugnarent</span> 
     </span>
     <span class='ocr_line' id='line_1_3' title="bbox 163 524 1164 628; baseline -0.001 -38"><span class='ocrx_word' id='word_1_11' title='bbox 163 538 347 608; x_wconf 90' lang='lat' dir='ltr'>pontemque</span> <span class='ocrx_word' id='word_1_12' title='bbox 363 524 647 604; x_wconf 85' lang='grc'><strong>1110100111101·;011</strong></span> <span class='ocrx_word' id='word_1_13' title='bbox 678 532 704 589; x_wconf 89' lang='grc'>01</span> <span class='ocrx_word' id='word_1_14' title='bbox 733 531 832 589; x_wconf 89' lang='lat' dir='ltr'>miuus</span> <span class='ocrx_word' id='word_1_15' title='bbox 861 531 1043 628; x_wconf 84' lang='lat' dir='ltr'>potuissent,</span> <span class='ocrx_word' id='word_1_16' title='bbox 1074 550 1164 607; x_wconf 84' lang='lat' dir='ltr'>agros</span> 
     </span>
     <span class='ocr_line' id='line_1_4' title="bbox 163 616 1164 695; baseline -0.001 -20"><span class='ocrx_word' id='word_1_17' title='bbox 163 617 328 676; x_wconf 85' lang='lat' dir='ltr'>Remorum</span> <span class='ocrx_word' id='word_1_18' title='bbox 349 618 576 695; x_wconf 81' lang='lat' dir='ltr'><strong>popularentur,</strong></span> <span class='ocrx_word' id='word_1_19' title='bbox 607 618 658 693; x_wconf 93' lang='lat' dir='ltr'>qui</span> <span class='ocrx_word' id='word_1_20' title='bbox 687 638 796 694; x_wconf 86' lang='lat' dir='ltr'>magno</span> <span class='ocrx_word' id='word_1_21' title='bbox 824 617 912 675; x_wconf 91' lang='lat' dir='ltr'>nobis</span> <span class='ocrx_word' id='word_1_22' title='bbox 941 618 1010 676; x_wconf 94' lang='lat' dir='ltr'>usui</span> <span class='ocrx_word' id='word_1_23' title='bbox 1041 616 1080 674; x_wconf 91' lang='lat' dir='ltr'>ad</span> <span class='ocrx_word' id='word_1_24' title='bbox 1101 617 1164 675; x_wconf 89' lang='lat' dir='ltr'>bel-</span> 
     </span>
     <span class='ocr_line' id='line_1_5' title="bbox 163 703 1163 780; baseline 0 -20"><span class='ocrx_word' id='word_1_25' title='bbox 163 703 226 761; x_wconf 91' lang='lat' dir='ltr'>lum</span> <span class='ocrx_word' id='word_1_26' title='bbox 247 703 413 779; x_wconf 89' lang='lat' dir='ltr'>gerendum</span> <span class='ocrx_word' id='word_1_27' title='bbox 436 712 532 778; x_wconf 89' lang='lat' dir='ltr'>erant,</span> <span class='ocrx_word' id='word_1_28' title='bbox 557 711 785 779; x_wconf 78' lang='lat' dir='ltr'><strong>commeatuque</strong></span> <span class='ocrx_word' id='word_1_29' title='bbox 813 712 935 762; x_wconf 89' lang='lat' dir='ltr'>nostros</span> <span class='ocrx_word' id='word_1_30' title='bbox 957 703 1163 780; x_wconf 74' lang='lat' dir='ltr'>prohiberent.</span> 
     </span>
    </p>

    <p class='ocr_par' dir='ltr' id='par_1_3' title="bbox 159 788 1166 2666">
     <span class='ocr_line' id='line_1_6' title="bbox 249 788 1163 863; baseline 0 -17"><span class='ocrx_word' id='word_1_31' title='bbox 249 789 290 846; x_wconf 92' lang='lat' dir='ltr'>X.</span> <span class='ocrx_word' id='word_1_32' title='bbox 337 788 441 848; x_wconf 79' lang='lat' dir='ltr'>Caesar</span> <span class='ocrx_word' id='word_1_33' title='bbox 471 789 582 848; x_wconf 78' lang='lat' dir='ltr'>certior</span> <span class='ocrx_word' id='word_1_34' title='bbox 604 788 703 848; x_wconf 91' lang='lat' dir='ltr'>factus</span> <span class='ocrx_word' id='word_1_35' title='bbox 727 790 765 847; x_wconf 90' lang='lat' dir='ltr'>ab</span> <span class='ocrx_word' id='word_1_36' title='bbox 788 788 904 847; x_wconf 81' lang='lat' dir='ltr'>Titurio</span> <span class='ocrx_word' id='word_1_37' title='bbox 933 808 1051 847; x_wconf 91' lang='lat' dir='ltr'>omnem</span> <span class='ocrx_word' id='word_1_38' title='bbox 1080 789 1163 863; x_wconf 92' lang='lat' dir='ltr'>equi-</span> 
     </span>
     <span class='ocr_line' id='line_1_7' title="bbox 164 873 1165 951; baseline 0 -18"><span class='ocrx_word' id='word_1_39' title='bbox 164 881 261 933; x_wconf 82' lang='lat' dir='ltr'>tatum</span> <span class='ocrx_word' id='word_1_40' title='bbox 283 881 313 934; x_wconf 90' lang='lat' dir='ltr'>et</span> <span class='ocrx_word' id='word_1_41' title='bbox 334 875 412 935; x_wconf 90' lang='lat' dir='ltr'>levis</span> <span class='ocrx_word' id='word_1_42' title='bbox 436 880 596 933; x_wconf 81' lang='lat' dir='ltr'>armaturae</span> <span class='ocrx_word' id='word_1_43' title='bbox 608 875 766 949; x_wconf 87' lang='lat' dir='ltr'><strong>Numidae,</strong></span> <span class='ocrx_word' id='word_1_44' title='bbox 787 873 958 933; x_wconf 89' lang='lat' dir='ltr'>funditores</span> <span class='ocrx_word' id='word_1_45' title='bbox 976 874 1165 951; x_wconf 89' lang='lat' dir='ltr'>sagittarios·</span> 
     </span>
     <span class='ocr_line' id='line_1_8' title="bbox 164 953 1166 1037; baseline 0 -19"><span class='ocrx_word' id='word_1_46' title='bbox 164 979 222 1036; x_wconf 94' lang='lat' dir='ltr'>que</span> <span class='ocrx_word' id='word_1_47' title='bbox 252 968 376 1037; x_wconf 91' lang='lat' dir='ltr'>pontem</span> <span class='ocrx_word' id='word_1_48' title='bbox 404 959 536 1019; x_wconf 87' lang='lat' dir='ltr'>traducit</span> <span class='ocrx_word' id='word_1_49' title='bbox 564 968 655 1036; x_wconf 88' lang='lat' dir='ltr'>atque</span> <span class='ocrx_word' id='word_1_50' title='bbox 684 960 723 1019; x_wconf 90' lang='lat' dir='ltr'>ad</span> <span class='ocrx_word' id='word_1_51' title='bbox 745 980 797 1019; x_wconf 90' lang='lat' dir='ltr'>eos</span> <span class='ocrx_word' id='word_1_52' title='bbox 827 953 991 1018; x_wconf 88' lang='lat' dir='ltr'>contendit.</span> <span class='ocrx_word' id='word_1_53' title='bbox 1043 959 1166 1019; x_wconf 85' lang='lat' dir='ltr'>Acriter</span> 
     </span>
     <span class='ocr_line' id='line_1_9' title="bbox 163 1045 1166 1123; baseline 0 -19"><span class='ocrx_word' id='word_1_54' title='bbox 163 1045 195 1104; x_wconf 91' lang='lat' dir='ltr'>in</span> <span class='ocrx_word' id='word_1_55' title='bbox 217 1066 252 1105; x_wconf 90' lang='lat' dir='ltr'>eo</span> <span class='ocrx_word' id='word_1_56' title='bbox 275 1047 341 1105; x_wconf 92' lang='grc'><strong>1000</strong></span> <span class='ocrx_word' id='word_1_57' title='bbox 363 1053 532 1123; x_wconf 87' lang='lat' dir='ltr'>pugnatum</span> <span class='ocrx_word' id='word_1_58' title='bbox 561 1054 618 1106; x_wconf 87' lang='lat' dir='ltr'>est.</span> <span class='ocrx_word' id='word_1_59' title='bbox 670 1046 785 1105; x_wconf 81' lang='lat' dir='ltr'>Hostes</span> <span class='ocrx_word' id='word_1_60' title='bbox 818 1045 981 1123; x_wconf 88' lang='lat' dir='ltr'>impeditos</span> <span class='ocrx_word' id='word_1_61' title='bbox 1009 1045 1107 1103; x_wconf 84' lang='lat' dir='ltr'>nostri</span> <span class='ocrx_word' id='word_1_62' title='bbox 1135 1046 1166 1104; x_wconf 92' lang='lat' dir='ltr'>in</span> 
     </span>
     <span class='ocr_line' id='line_1_10' title="bbox 163 1127 1163 1209; baseline -0.001 -20"><span class='ocrx_word' id='word_1_63' title='bbox 163 1129 288 1190; x_wconf 90' lang='lat' dir='ltr'>flumine</span> <span class='ocrx_word' id='word_1_64' title='bbox 318 1132 456 1209; x_wconf 84' lang='lat' dir='ltr'>aggressi</span> <span class='ocrx_word' id='word_1_65' title='bbox 488 1153 630 1209; x_wconf 87' lang='lat' dir='ltr'>magnum</span> <span class='ocrx_word' id='word_1_66' title='bbox 659 1152 761 1191; x_wconf 89' lang='lat' dir='ltr'>eorum</span> <span class='ocrx_word' id='word_1_67' title='bbox 789 1151 948 1190; x_wconf 91' lang='lat' dir='ltr'>numerum</span> <span class='ocrx_word' id='word_1_68' title='bbox 978 1127 1163 1190; x_wconf 86' lang='lat' dir='ltr'>occiderunt.</span> 
     </span>
     <span class='ocr_line' id='line_1_11' title="bbox 163 1217 1165 1295; baseline 0.001 -21"><span class='ocrx_word' id='word_1_69' title='bbox 163 1217 223 1276; x_wconf 90' lang='lat' dir='ltr'>Per</span> <span class='ocrx_word' id='word_1_70' title='bbox 255 1237 359 1277; x_wconf 90' lang='grc'><strong>001111</strong></span> <span class='ocrx_word' id='word_1_71' title='bbox 392 1237 519 1295; x_wconf 90' lang='lat' dir='ltr'>corpora</span> <span class='ocrx_word' id='word_1_72' title='bbox 547 1219 680 1294; x_wconf 88' lang='lat' dir='ltr'>reliquos</span> <span class='ocrx_word' id='word_1_73' title='bbox 712 1218 913 1276; x_wconf 87' lang='lat' dir='ltr'>audacissime</span> <span class='ocrx_word' id='word_1_74' title='bbox 945 1217 1076 1276; x_wconf 91' lang='lat' dir='ltr'>transire</span> <span class='ocrx_word' id='word_1_75' title='bbox 1116 1236 1165 1275; x_wconf 93' lang='lat' dir='ltr'>co-</span> 
     </span>
     <span class='ocr_line' id='line_1_12' title="bbox 163 1302 1166 1382; baseline -0.001 -21"><span class='ocrx_word' id='word_1_76' title='bbox 163 1310 274 1362; x_wconf 87' lang='lat' dir='ltr'>nantes</span> <span class='ocrx_word' id='word_1_77' title='bbox 314 1303 508 1362; x_wconf 88' lang='lat' dir='ltr'>multitudine</span> <span class='ocrx_word' id='word_1_78' title='bbox 549 1305 677 1362; x_wconf 89' lang='lat' dir='ltr'>telorum</span> <span class='ocrx_word' id='word_1_79' title='bbox 716 1304 908 1382; x_wconf 71' lang='lat' dir='ltr'>repulerunt,</span> <span class='ocrx_word' id='word_1_80' title='bbox 948 1303 1079 1380; x_wconf 90' lang='lat' dir='ltr'>primos,</span> <span class='ocrx_word' id='word_1_81' title='bbox 1114 1302 1166 1378; x_wconf 94' lang='lat' dir='ltr'>qui</span> 
     </span>
     <span class='ocr_line' id='line_1_13' title="bbox 162 1388 1166 1464; baseline -0.001 -17"><span class='ocrx_word' id='word_1_82' title='bbox 162 1389 356 1464; x_wconf 83' lang='lat' dir='ltr'>transierant,</span> <span class='ocrx_word' id='word_1_83' title='bbox 380 1389 517 1464; x_wconf 90' lang='lat' dir='ltr'>equitatu</span> <span class='ocrx_word' id='word_1_84' title='bbox 541 1390 727 1450; x_wconf 82' lang='lat' dir='ltr'>circumvent</span> <span class='ocrx_word' id='word_1_85' title='bbox 715 1397 763 1448; x_wconf 88' lang='lat' dir='ltr'>tos</span> <span class='ocrx_word' id='word_1_86' title='bbox 786 1388 1014 1449; x_wconf 88' lang='lat' dir='ltr'>interfecerunt.</span> <span class='ocrx_word' id='word_1_87' title='bbox 1049 1389 1166 1448; x_wconf 88' lang='lat' dir='ltr'>Hostes</span> 
     </span>
     <span class='ocr_line' id='line_1_14' title="bbox 163 1473 1164 1553; baseline 0 -21"><span class='ocrx_word' id='word_1_88' title='bbox 163 1474 215 1533; x_wconf 92' lang='lat' dir='ltr'>ubi</span> <span class='ocrx_word' id='word_1_89' title='bbox 238 1481 269 1533; x_wconf 93' lang='grc'>01</span> <span class='ocrx_word' id='word_1_90' title='bbox 292 1473 330 1533; x_wconf 94' lang='lat' dir='ltr'>de</span> <span class='ocrx_word' id='word_1_91' title='bbox 353 1475 554 1552; x_wconf 85' lang='lat' dir='ltr'>expugnando</span> <span class='ocrx_word' id='word_1_92' title='bbox 578 1475 689 1553; x_wconf 89' lang='lat' dir='ltr'>oppido</span> <span class='ocrx_word' id='word_1_93' title='bbox 713 1483 743 1534; x_wconf 90' lang='lat' dir='ltr'>et</span> <span class='ocrx_word' id='word_1_94' title='bbox 767 1475 803 1534; x_wconf 90' lang='lat' dir='ltr'>de</span> <span class='ocrx_word' id='word_1_95' title='bbox 832 1474 955 1534; x_wconf 89' lang='lat' dir='ltr'>flumine</span> <span class='ocrx_word' id='word_1_96' title='bbox 978 1474 1164 1533; x_wconf 88' lang='lat' dir='ltr'>transeundo</span> 
     </span>
     <span class='ocr_line' id='line_1_15' title="bbox 164 1559 1165 1658; baseline 0 -40"><span class='ocrx_word' id='word_1_97' title='bbox 164 1579 256 1658; x_wconf 78' lang='lat' dir='ltr'>spem</span> <span class='ocrx_word' id='word_1_98' title='bbox 272 1580 306 1619; x_wconf 89' lang='lat' dir='ltr'>se</span> <span class='ocrx_word' id='word_1_99' title='bbox 328 1559 476 1620; x_wconf 87' lang='lat' dir='ltr'>fefellisse</span> <span class='ocrx_word' id='word_1_100' title='bbox 498 1561 723 1636; x_wconf 87' lang='lat' dir='ltr'>intellexerunt,</span> <span class='ocrx_word' id='word_1_101' title='bbox 746 1581 845 1636; x_wconf 91' lang='lat' dir='ltr'>neque</span> <span class='ocrx_word' id='word_1_102' title='bbox 867 1568 990 1620; x_wconf 89' lang='lat' dir='ltr'>nostros</span> <span class='ocrx_word' id='word_1_103' title='bbox 1011 1561 1044 1618; x_wconf 92' lang='grc'>11</span> <span class='ocrx_word' id='word_1_104' title='bbox 1065 1561 1165 1619; x_wconf 87' lang='grc'><strong>100111</strong></span> 
     </span>
     <span class='ocr_line' id='line_1_16' title="bbox 162 1646 1164 1724; baseline -0.001 -19"><span class='ocrx_word' id='word_1_105' title='bbox 162 1646 343 1722; x_wconf 78' lang='lat' dir='ltr'>iniquiorem</span> <span class='ocrx_word' id='word_1_106' title='bbox 363 1646 506 1724; x_wconf 84' lang='lat' dir='ltr'>progredi</span> <span class='ocrx_word' id='word_1_107' title='bbox 528 1647 685 1724; x_wconf 87' lang='lat' dir='ltr'>pugnandi</span> <span class='ocrx_word' id='word_1_108' title='bbox 707 1666 800 1706; x_wconf 88' lang='lat' dir='ltr'>causa</span> <span class='ocrx_word' id='word_1_109' title='bbox 830 1647 972 1707; x_wconf 90' lang='lat' dir='ltr'>viderunt</span> <span class='ocrx_word' id='word_1_110' title='bbox 1000 1654 1092 1721; x_wconf 90' lang='lat' dir='ltr'>atque</span> <span class='ocrx_word' id='word_1_111' title='bbox 1120 1646 1164 1724; x_wconf 91' lang='lat' dir='ltr'>ip-</span> 
     </span>
     <span class='ocr_line' id='line_1_17' title="bbox 163 1731 1164 1811; baseline 0 -21"><span class='ocrx_word' id='word_1_112' title='bbox 163 1751 215 1791; x_wconf 89' lang='lat' dir='ltr'>sos</span> <span class='ocrx_word' id='word_1_113' title='bbox 243 1752 294 1792; x_wconf 91' lang='lat' dir='ltr'>res</span> <span class='ocrx_word' id='word_1_114' title='bbox 322 1731 521 1791; x_wconf 86' lang='lat' dir='ltr'>frumentaria</span> <span class='ocrx_word' id='word_1_115' title='bbox 552 1731 681 1791; x_wconf 88' lang='lat' dir='ltr'>deficere</span> <span class='ocrx_word' id='word_1_116' title='bbox 704 1733 811 1811; x_wconf 90' lang='lat' dir='ltr'>coepit,</span> <span class='ocrx_word' id='word_1_117' title='bbox 841 1732 967 1791; x_wconf 87' lang='lat' dir='ltr'>concilio</span> <span class='ocrx_word' id='word_1_118' title='bbox 998 1740 1164 1792; x_wconf 89' lang='lat' dir='ltr'>convocato</span> 
     </span>
     <span class='ocr_line' id='line_1_18' title="bbox 163 1818 1165 1896; baseline 0.001 -20"><span class='ocrx_word' id='word_1_119' title='bbox 163 1818 386 1877; x_wconf 89' lang='lat' dir='ltr'>constituerunt</span> <span class='ocrx_word' id='word_1_120' title='bbox 420 1819 567 1896; x_wconf 92' lang='lat' dir='ltr'>optimum</span> <span class='ocrx_word' id='word_1_121' title='bbox 607 1838 676 1877; x_wconf 90' lang='lat' dir='ltr'>esse</span> <span class='ocrx_word' id='word_1_122' title='bbox 717 1818 839 1877; x_wconf 90' lang='lat' dir='ltr'>domum</span> <span class='ocrx_word' id='word_1_123' title='bbox 883 1838 969 1876; x_wconf 90' lang='lat' dir='ltr'>suam</span> <span class='ocrx_word' id='word_1_124' title='bbox 1014 1837 1165 1893; x_wconf 90' lang='lat' dir='ltr'>quemque</span> 
     </span>
     <span class='ocr_line' id='line_1_19' title="bbox 161 1903 1166 1982; baseline 0.001 -21"><span class='ocrx_word' id='word_1_125' title='bbox 161 1903 277 1964; x_wconf 88' lang='lat' dir='ltr'>reverti</span> <span class='ocrx_word' id='word_1_126' title='bbox 299 1910 339 1978; x_wconf 90' lang='lat' dir='ltr'>et,</span> <span class='ocrx_word' id='word_1_127' title='bbox 364 1924 493 1979; x_wconf 90' lang='lat' dir='ltr'>quorum</span> <span class='ocrx_word' id='word_1_128' title='bbox 514 1905 546 1963; x_wconf 91' lang='grc'>11</span> <span class='ocrx_word' id='word_1_129' title='bbox 568 1903 645 1963; x_wconf 84' lang='lat' dir='ltr'>fines</span> <span class='ocrx_word' id='word_1_130' title='bbox 673 1904 804 1982; x_wconf 91' lang='lat' dir='ltr'>primum</span> <span class='ocrx_word' id='word_1_131' title='bbox 835 1904 965 1962; x_wconf 89' lang='lat' dir='ltr'>Romani</span> <span class='ocrx_word' id='word_1_132' title='bbox 1000 1904 1166 1963; x_wconf 86' lang='lat' dir='ltr'>exercitum</span> 
     </span>
     <span class='ocr_line' id='line_1_20' title="bbox 161 1989 1164 2065; baseline 0.001 -18"><span class='ocrx_word' id='word_1_133' title='bbox 161 1989 415 2064; x_wconf 86' lang='lat' dir='ltr'>introduxissent,</span> <span class='ocrx_word' id='word_1_134' title='bbox 440 1989 479 2048; x_wconf 91' lang='lat' dir='ltr'>ad</span> <span class='ocrx_word' id='word_1_135' title='bbox 508 2010 561 2050; x_wconf 90' lang='lat' dir='ltr'>eos</span> <span class='ocrx_word' id='word_1_136' title='bbox 590 1990 798 2050; x_wconf 89' lang='lat' dir='ltr'>defendendos</span> <span class='ocrx_word' id='word_1_137' title='bbox 827 1990 961 2065; x_wconf 91' lang='lat' dir='ltr'>undique</span> <span class='ocrx_word' id='word_1_138' title='bbox 992 1989 1164 2065; x_wconf 86' lang='lat' dir='ltr'>convenire,</span> 
     </span>
     <span class='ocr_line' id='line_1_21' title="bbox 162 2075 1165 2152; baseline 0.001 -19"><span class='ocrx_word' id='word_1_139' title='bbox 162 2082 197 2133; x_wconf 90' lang='lat' dir='ltr'>ut</span> <span class='ocrx_word' id='word_1_140' title='bbox 218 2075 321 2152; x_wconf 90' lang='lat' dir='ltr'>potius</span> <span class='ocrx_word' id='word_1_141' title='bbox 343 2076 374 2133; x_wconf 89' lang='lat' dir='ltr'>in</span> <span class='ocrx_word' id='word_1_142' title='bbox 398 2076 470 2151; x_wconf 81' lang='lat' dir='ltr'>suia,</span> <span class='ocrx_word' id='word_1_143' title='bbox 495 2096 585 2152; x_wconf 92' lang='lat' dir='ltr'>quam</span> <span class='ocrx_word' id='word_1_144' title='bbox 607 2077 638 2135; x_wconf 92' lang='grc'>11</span> <span class='ocrx_word' id='word_1_145' title='bbox 661 2077 768 2136; x_wconf 89' lang='lat' dir='ltr'>alienis</span> <span class='ocrx_word' id='word_1_146' title='bbox 790 2075 901 2135; x_wconf 89' lang='lat' dir='ltr'>finibus</span> <span class='ocrx_word' id='word_1_147' title='bbox 920 2075 1112 2135; x_wconf 87' lang='lat' dir='ltr'>decertarent</span> <span class='ocrx_word' id='word_1_148' title='bbox 1135 2083 1165 2135; x_wconf 93' lang='grc'>01</span> 
     </span>
     <span class='ocr_line' id='line_1_22' title="bbox 159 2160 1166 2238; baseline -0.002 -17"><span class='ocrx_word' id='word_1_149' title='bbox 159 2160 338 2221; x_wconf 85' lang='lat' dir='ltr'>domesticis</span> <span class='ocrx_word' id='word_1_150' title='bbox 367 2162 462 2238; x_wconf 89' lang='lat' dir='ltr'>copiis</span> <span class='ocrx_word' id='word_1_151' title='bbox 496 2163 541 2221; x_wconf 92' lang='lat' dir='ltr'>rei</span> <span class='ocrx_word' id='word_1_152' title='bbox 568 2161 776 2222; x_wconf 86' lang='lat' dir='ltr'>frumentariae</span> <span class='ocrx_word' id='word_1_153' title='bbox 807 2169 973 2221; x_wconf 89' lang='lat' dir='ltr'>uterentur.</span> <span class='ocrx_word' id='word_1_154' title='bbox 1025 2161 1075 2219; x_wconf 87' lang='lat' dir='ltr'>Ad</span> <span class='ocrx_word' id='word_1_155' title='bbox 1100 2181 1166 2220; x_wconf 91' lang='lat' dir='ltr'>eam</span> 
     </span>
     <span class='ocr_line' id='line_1_23' title="bbox 160 2247 1164 2324; baseline 0.002 -20"><span class='ocrx_word' id='word_1_156' title='bbox 160 2248 345 2306; x_wconf 92' lang='lat' dir='ltr'>sententiam</span> <span class='ocrx_word' id='word_1_157' title='bbox 373 2267 441 2305; x_wconf 92' lang='lat' dir='ltr'>cum</span> <span class='ocrx_word' id='word_1_158' title='bbox 468 2248 594 2324; x_wconf 89' lang='lat' dir='ltr'>reliquis</span> <span class='ocrx_word' id='word_1_159' title='bbox 627 2249 727 2308; x_wconf 87' lang='lat' dir='ltr'>causis</span> <span class='ocrx_word' id='word_1_160' title='bbox 761 2249 827 2306; x_wconf 86' lang='lat' dir='ltr'>haec</span> <span class='ocrx_word' id='word_1_161' title='bbox 855 2267 975 2323; x_wconf 92' lang='lat' dir='ltr'>quoque</span> <span class='ocrx_word' id='word_1_162' title='bbox 1003 2247 1080 2305; x_wconf 89' lang='grc'><strong>10110</strong></span> <span class='ocrx_word' id='word_1_163' title='bbox 1113 2266 1164 2306; x_wconf 85' lang='grc'>000</span> 
     </span>
     <span class='ocr_line' id='line_1_24' title="bbox 163 2332 1165 2409; baseline 0.001 -19"><span class='ocrx_word' id='word_1_164' title='bbox 163 2332 299 2408; x_wconf 90' lang='lat' dir='ltr'>deduxit,</span> <span class='ocrx_word' id='word_1_165' title='bbox 324 2333 406 2408; x_wconf 93' lang='lat' dir='ltr'>quod</span> <span class='ocrx_word' id='word_1_166' title='bbox 427 2333 615 2393; x_wconf 90' lang='lat' dir='ltr'>Divitiacum</span> <span class='ocrx_word' id='word_1_167' title='bbox 638 2333 879 2409; x_wconf 81' lang='lat' dir='ltr'>atqueHaeduos</span> <span class='ocrx_word' id='word_1_168' title='bbox 901 2332 1165 2393; x_wconf 90' lang='lat' dir='ltr'>finibusBellova·</span> 
     </span>
     <span class='ocr_line' id='line_1_25' title="bbox 162 2417 1166 2496; baseline 0 -20"><span class='ocrx_word' id='word_1_169' title='bbox 162 2437 266 2476; x_wconf 91' lang='lat' dir='ltr'>corum</span> <span class='ocrx_word' id='word_1_170' title='bbox 289 2419 533 2496; x_wconf 88' lang='lat' dir='ltr'>appropinquare</span> <span class='ocrx_word' id='word_1_171' title='bbox 557 2426 772 2495; x_wconf 87' lang='lat' dir='ltr'>cognoverant.</span> <span class='ocrx_word' id='word_1_172' title='bbox 822 2419 880 2476; x_wconf 89' lang='lat' dir='ltr'>His</span> <span class='ocrx_word' id='word_1_173' title='bbox 908 2417 1096 2496; x_wconf 82' lang='lat' dir='ltr'>persuaderi,</span> <span class='ocrx_word' id='word_1_174' title='bbox 1131 2426 1166 2476; x_wconf 91' lang='lat' dir='ltr'>ut</span> 
     </span>
     <span class='ocr_line' id='line_1_26' title="bbox 161 2501 1166 2579; baseline 0.002 -18"><span class='ocrx_word' id='word_1_175' title='bbox 161 2503 275 2563; x_wconf 90' lang='lat' dir='ltr'>diutius</span> <span class='ocrx_word' id='word_1_176' title='bbox 308 2511 498 2564; x_wconf 90' lang='lat' dir='ltr'>morarentur</span> <span class='ocrx_word' id='word_1_177' title='bbox 530 2524 629 2579; x_wconf 91' lang='lat' dir='ltr'>neque</span> <span class='ocrx_word' id='word_1_178' title='bbox 664 2504 727 2563; x_wconf 89' lang='lat' dir='ltr'>suis</span> <span class='ocrx_word' id='word_1_179' title='bbox 768 2503 913 2562; x_wconf 84' lang='lat' dir='ltr'>auxilium</span> <span class='ocrx_word' id='word_1_180' title='bbox 945 2501 1069 2579; x_wconf 87' lang='lat' dir='ltr'>ferrent,</span> <span class='ocrx_word' id='word_1_181' title='bbox 1105 2524 1166 2563; x_wconf 92' lang='lat' dir='ltr'>non</span> 
     </span>
     <span class='ocr_line' id='line_1_27' title="bbox 160 2597 292 2666; baseline -0.008 -18"><span class='ocrx_word' id='word_1_182' title='bbox 160 2597 292 2666; x_wconf 89' lang='lat' dir='ltr'>poterat.</span> 
     </span>
    </p>

    <p class='ocr_par' dir='ltr' id='par_1_4' title="bbox 160 2674 1167 3782">
     <span class='ocr_line' id='line_1_28' title="bbox 247 2674 1167 2752; baseline 0.002 -19"><span class='ocrx_word' id='word_1_183' title='bbox 247 2674 306 2733; x_wconf 89' lang='lat' dir='ltr'>XI.</span> <span class='ocrx_word' id='word_1_184' title='bbox 351 2676 398 2734; x_wconf 84' lang='lat' dir='ltr'>Ea</span> <span class='ocrx_word' id='word_1_185' title='bbox 419 2695 453 2735; x_wconf 91' lang='lat' dir='ltr'>re</span> <span class='ocrx_word' id='word_1_186' title='bbox 477 2675 652 2751; x_wconf 88' lang='lat' dir='ltr'>constituta,</span> <span class='ocrx_word' id='word_1_187' title='bbox 676 2675 810 2735; x_wconf 90' lang='lat' dir='ltr'>secunda</span> <span class='ocrx_word' id='word_1_188' title='bbox 832 2675 937 2752; x_wconf 87' lang='lat' dir='ltr'>vigilia</span> <span class='ocrx_word' id='word_1_189' title='bbox 965 2695 1074 2752; x_wconf 87' lang='lat' dir='ltr'>magno</span> <span class='ocrx_word' id='word_1_190' title='bbox 1098 2695 1167 2735; x_wconf 91' lang='lat' dir='ltr'>cum</span> 
     </span>
     <span class='ocr_line' id='line_1_29' title="bbox 162 2761 1165 2839; baseline 0.003 -21"><span class='ocrx_word' id='word_1_191' title='bbox 162 2761 293 2838; x_wconf 91' lang='lat' dir='ltr'>strepitu</span> <span class='ocrx_word' id='word_1_192' title='bbox 326 2782 361 2820; x_wconf 91' lang='lat' dir='ltr'>ac</span> <span class='ocrx_word' id='word_1_193' title='bbox 394 2762 526 2820; x_wconf 92' lang='lat' dir='ltr'>tumultu</span> <span class='ocrx_word' id='word_1_194' title='bbox 560 2762 670 2821; x_wconf 88' lang='lat' dir='ltr'>castris</span> <span class='ocrx_word' id='word_1_195' title='bbox 699 2762 815 2839; x_wconf 86' lang='lat' dir='ltr'>egressi</span> <span class='ocrx_word' id='word_1_196' title='bbox 843 2761 925 2821; x_wconf 91' lang='lat' dir='ltr'>nullo</span> <span class='ocrx_word' id='word_1_197' title='bbox 954 2768 1036 2820; x_wconf 89' lang='lat' dir='ltr'>certo</span> <span class='ocrx_word' id='word_1_198' title='bbox 1061 2761 1165 2821; x_wconf 84' lang='lat' dir='ltr'>ordine</span> 
     </span>
     <span class='ocr_line' id='line_1_30' title="bbox 160 2847 1166 2925; baseline 0.003 -21"><span class='ocrx_word' id='word_1_199' title='bbox 160 2866 259 2922; x_wconf 90' lang='lat' dir='ltr'>neque</span> <span class='ocrx_word' id='word_1_200' title='bbox 281 2847 417 2925; x_wconf 90' lang='lat' dir='ltr'>imperio,</span> <span class='ocrx_word' id='word_1_201' title='bbox 453 2867 544 2923; x_wconf 92' lang='lat' dir='ltr'>quum</span> <span class='ocrx_word' id='word_1_202' title='bbox 573 2848 632 2907; x_wconf 89' lang='lat' dir='ltr'>sibi</span> <span class='ocrx_word' id='word_1_203' title='bbox 661 2848 788 2923; x_wconf 91' lang='lat' dir='ltr'>quisque</span> <span class='ocrx_word' id='word_1_204' title='bbox 821 2847 951 2925; x_wconf 91' lang='lat' dir='ltr'>primum</span> <span class='ocrx_word' id='word_1_205' title='bbox 984 2847 1100 2906; x_wconf 88' lang='lat' dir='ltr'>itineris</span> <span class='ocrx_word' id='word_1_206' title='bbox 1123 2849 1166 2907; x_wconf 93' lang='lat' dir='ltr'>lo-</span> 
     </span>
     <span class='ocr_line' id='line_1_31' title="bbox 162 2931 1165 3011; baseline 0 -21"><span class='ocrx_word' id='word_1_207' title='bbox 162 2951 232 2990; x_wconf 92' lang='lat' dir='ltr'>cum</span> <span class='ocrx_word' id='word_1_208' title='bbox 253 2939 372 3010; x_wconf 90' lang='lat' dir='ltr'>peteret</span> <span class='ocrx_word' id='word_1_209' title='bbox 402 2940 432 2991; x_wconf 86' lang='lat' dir='ltr'>et</span> <span class='ocrx_word' id='word_1_210' title='bbox 456 2933 576 2992; x_wconf 92' lang='lat' dir='ltr'>domum</span> <span class='ocrx_word' id='word_1_211' title='bbox 610 2934 769 3011; x_wconf 90' lang='lat' dir='ltr'>pervenire</span> <span class='ocrx_word' id='word_1_212' title='bbox 802 2939 989 3010; x_wconf 89' lang='lat' dir='ltr'>properaret,</span> <span class='ocrx_word' id='word_1_213' title='bbox 1017 2931 1165 3008; x_wconf 89' lang='lat' dir='ltr'>fecerunt,</span> 
     </span>
     <span class='ocr_line' id='line_1_32' title="bbox 161 3017 1166 3097; baseline 0.002 -23"><span class='ocrx_word' id='word_1_214' title='bbox 161 3025 196 3075; x_wconf 93' lang='lat' dir='ltr'>ut</span> <span class='ocrx_word' id='word_1_215' title='bbox 219 3019 381 3077; x_wconf 88' lang='lat' dir='ltr'>consimilis</span> <span class='ocrx_word' id='word_1_216' title='bbox 404 3017 486 3095; x_wconf 87' lang='lat' dir='ltr'>fuges</span> <span class='ocrx_word' id='word_1_217' title='bbox 514 3018 661 3097; x_wconf 89' lang='lat' dir='ltr'>profectio</span> <span class='ocrx_word' id='word_1_218' title='bbox 685 3019 854 3079; x_wconf 89' lang='lat' dir='ltr'>videretur.</span> <span class='ocrx_word' id='word_1_219' title='bbox 900 3019 967 3076; x_wconf 88' lang='lat' dir='ltr'>Hac</span> <span class='ocrx_word' id='word_1_220' title='bbox 1001 3038 1034 3076; x_wconf 91' lang='lat' dir='ltr'>re</span> <span class='ocrx_word' id='word_1_221' title='bbox 1062 3019 1166 3076; x_wconf 90' lang='lat' dir='ltr'>statim</span> 
     </span>
     <span class='ocr_line' id='line_1_33' title="bbox 163 3101 1165 3183; baseline 0.001 -22"><span class='ocrx_word' id='word_1_222' title='bbox 163 3101 267 3162; x_wconf 83' lang='lat' dir='ltr'>Oaesar</span> <span class='ocrx_word' id='word_1_223' title='bbox 289 3124 344 3182; x_wconf 92' lang='lat' dir='ltr'>per</span> <span class='ocrx_word' id='word_1_224' title='bbox 367 3105 575 3181; x_wconf 88' lang='lat' dir='ltr'>speculatores</span> <span class='ocrx_word' id='word_1_225' title='bbox 604 3104 725 3183; x_wconf 89' lang='lat' dir='ltr'>cognita</span> <span class='ocrx_word' id='word_1_226' title='bbox 752 3104 879 3176; x_wconf 87' lang='lat' dir='ltr'>insidias</span> <span class='ocrx_word' id='word_1_227' title='bbox 913 3103 1045 3179; x_wconf 90' lang='lat' dir='ltr'>veritus,</span> <span class='ocrx_word' id='word_1_228' title='bbox 1074 3104 1165 3180; x_wconf 90' lang='lat' dir='ltr'>quod,</span> 
     </span>
     <span class='ocr_line' id='line_1_34' title="bbox 161 3188 1166 3267; baseline 0.002 -21"><span class='ocrx_word' id='word_1_229' title='bbox 161 3208 222 3264; x_wconf 92' lang='lat' dir='ltr'>qua</span> <span class='ocrx_word' id='word_1_230' title='bbox 250 3188 288 3249; x_wconf 92' lang='lat' dir='ltr'>de</span> <span class='ocrx_word' id='word_1_231' title='bbox 323 3209 415 3249; x_wconf 89' lang='lat' dir='ltr'>causa</span> <span class='ocrx_word' id='word_1_232' title='bbox 438 3189 646 3265; x_wconf 89' lang='lat' dir='ltr'>discederent,</span> <span class='ocrx_word' id='word_1_233' title='bbox 676 3190 810 3248; x_wconf 89' lang='lat' dir='ltr'>noudum</span> <span class='ocrx_word' id='word_1_234' title='bbox 843 3196 1050 3267; x_wconf 87' lang='lat' dir='ltr'>perspexerat,</span> <span class='ocrx_word' id='word_1_235' title='bbox 1081 3209 1166 3249; x_wconf 83' lang='lat' dir='ltr'>exer·</span> 
     </span>
     <span class='ocr_line' id='line_1_35' title="bbox 162 3275 1165 3351; baseline 0.001 -18"><span class='ocrx_word' id='word_1_236' title='bbox 162 3275 256 3333; x_wconf 90' lang='lat' dir='ltr'>citum</span> <span class='ocrx_word' id='word_1_237' title='bbox 278 3276 505 3351; x_wconf 86' lang='lat' dir='ltr'>equitatumque</span> <span class='ocrx_word' id='word_1_238' title='bbox 541 3277 650 3335; x_wconf 90' lang='lat' dir='ltr'>castris</span> <span class='ocrx_word' id='word_1_239' title='bbox 684 3276 840 3334; x_wconf 86' lang='lat' dir='ltr'>continuit.</span> <span class='ocrx_word' id='word_1_240' title='bbox 868 3276 971 3334; x_wconf 89' lang='lat' dir='ltr'>Prima</span> <span class='ocrx_word' id='word_1_241' title='bbox 998 3275 1066 3334; x_wconf 92' lang='lat' dir='ltr'>luce</span> <span class='ocrx_word' id='word_1_242' title='bbox 1096 3296 1165 3336; x_wconf 92' lang='grc'><strong>001-</strong></span> 
     </span>
     <span class='ocr_line' id='line_1_36' title="bbox 160 3358 1165 3439; baseline 0.004 -22"><span class='ocrx_word' id='word_1_243' title='bbox 160 3358 280 3419; x_wconf 87' lang='lat' dir='ltr'>firmata</span> <span class='ocrx_word' id='word_1_244' title='bbox 302 3381 335 3419; x_wconf 93' lang='lat' dir='ltr'>re</span> <span class='ocrx_word' id='word_1_245' title='bbox 358 3362 395 3419; x_wconf 90' lang='lat' dir='ltr'>ab</span> <span class='ocrx_word' id='word_1_246' title='bbox 420 3363 662 3439; x_wconf 85' lang='lat' dir='ltr'>exploratoribus</span> <span class='ocrx_word' id='word_1_247' title='bbox 686 3381 804 3421; x_wconf 91' lang='lat' dir='ltr'>omnem</span> <span class='ocrx_word' id='word_1_248' title='bbox 832 3361 1008 3437; x_wconf 88' lang='lat' dir='ltr'>equitatum,</span> <span class='ocrx_word' id='word_1_249' title='bbox 1040 3362 1091 3437; x_wconf 91' lang='lat' dir='ltr'>qui</span> <span class='ocrx_word' id='word_1_250' title='bbox 1113 3383 1165 3421; x_wconf 92' lang='lat' dir='ltr'>no-</span> 
     </span>
     <span class='ocr_line' id='line_1_37' title="bbox 161 3446 1166 3525; baseline 0.002 -21"><span class='ocrx_word' id='word_1_251' title='bbox 161 3446 320 3504; x_wconf 83' lang='lat' dir='ltr'>vissimum</span> <span class='ocrx_word' id='word_1_252' title='bbox 343 3466 450 3523; x_wconf 89' lang='lat' dir='ltr'>agmen</span> <span class='ocrx_word' id='word_1_253' title='bbox 481 3454 659 3524; x_wconf 89' lang='lat' dir='ltr'>moraretur,</span> <span class='ocrx_word' id='word_1_254' title='bbox 682 3447 839 3525; x_wconf 86' lang='lat' dir='ltr'>praemisit</span> <span class='ocrx_word' id='word_1_255' title='bbox 889 3448 948 3506; x_wconf 87' lang='lat' dir='ltr'>His</span> <span class='ocrx_word' id='word_1_256' title='bbox 978 3447 1014 3518; x_wconf 90' lang='lat' dir='ltr'>Q.</span> <span class='ocrx_word' id='word_1_257' title='bbox 1037 3447 1166 3507; x_wconf 91' lang='lat' dir='ltr'>Pedium</span> 
     </span>
     <span class='ocr_line' id='line_1_38' title="bbox 163 3531 1165 3610; baseline 0.002 -21"><span class='ocrx_word' id='word_1_258' title='bbox 163 3538 193 3589; x_wconf 90' lang='lat' dir='ltr'>et</span> <span class='ocrx_word' id='word_1_259' title='bbox 216 3531 251 3589; x_wconf 93' lang='lat' dir='ltr'>L</span> <span class='ocrx_word' id='word_1_260' title='bbox 274 3531 460 3609; x_wconf 83' lang='lat' dir='ltr'>Aurunculej</span> <span class='ocrx_word' id='word_1_261' title='bbox 464 3554 515 3591; x_wconf 94' lang='lat' dir='ltr'>um</span> <span class='ocrx_word' id='word_1_262' title='bbox 535 3533 655 3593; x_wconf 78' lang='lat' dir='ltr'>Cottam</span> <span class='ocrx_word' id='word_1_263' title='bbox 676 3533 795 3610; x_wconf 89' lang='lat' dir='ltr'>legatos</span> <span class='ocrx_word' id='word_1_264' title='bbox 817 3532 964 3610; x_wconf 88' lang='lat' dir='ltr'>praefecit</span> <span class='ocrx_word' id='word_1_265' title='bbox 998 3532 1032 3591; x_wconf 76' lang='lat' dir='ltr'>T.</span> <span class='ocrx_word' id='word_1_266' title='bbox 1056 3533 1165 3592; x_wconf 88' lang='lat' dir='ltr'>Labie-</span> 
     </span>
     <span class='ocr_line' id='line_1_39' title="bbox 161 3617 1164 3695; baseline 0.003 -21"><span class='ocrx_word' id='word_1_267' title='bbox 161 3637 235 3674; x_wconf 91' lang='lat' dir='ltr'>num</span> <span class='ocrx_word' id='word_1_268' title='bbox 266 3617 401 3694; x_wconf 88' lang='lat' dir='ltr'>legatum</span> <span class='ocrx_word' id='word_1_269' title='bbox 435 3638 502 3678; x_wconf 89' lang='lat' dir='ltr'>cum</span> <span class='ocrx_word' id='word_1_270' title='bbox 540 3619 711 3695; x_wconf 89' lang='lat' dir='ltr'>legionibus</span> <span class='ocrx_word' id='word_1_271' title='bbox 749 3620 847 3678; x_wconf 84' lang='lat' dir='ltr'>tribus</span> <span class='ocrx_word' id='word_1_272' title='bbox 886 3619 1031 3693; x_wconf 89' lang='lat' dir='ltr'>subsequi</span> <span class='ocrx_word' id='word_1_273' title='bbox 1061 3617 1164 3693; x_wconf 85' lang='lat' dir='ltr'>jussit.</span> 
     </span>
     <span class='ocr_line' id='line_1_40' title="bbox 162 3701 1167 3782; baseline 0.003 -22"><span class='ocrx_word' id='word_1_274' title='bbox 162 3701 204 3760; x_wconf 92' lang='lat' dir='ltr'>Hi</span> <span class='ocrx_word' id='word_1_275' title='bbox 226 3703 406 3762; x_wconf 88' lang='lat' dir='ltr'>novissimos</span> <span class='ocrx_word' id='word_1_276' title='bbox 434 3704 534 3763; x_wconf 89' lang='lat' dir='ltr'>adorti</span> <span class='ocrx_word' id='word_1_277' title='bbox 561 3712 592 3764; x_wconf 88' lang='lat' dir='ltr'>et</span> <span class='ocrx_word' id='word_1_278' title='bbox 620 3705 716 3763; x_wconf 90' lang='lat' dir='ltr'>multa</span> <span class='ocrx_word' id='word_1_279' title='bbox 736 3705 819 3765; x_wconf 91' lang='lat' dir='ltr'>milia</span> <span class='ocrx_word' id='word_1_280' title='bbox 844 3724 991 3782; x_wconf 90' lang='lat' dir='ltr'>passuum</span> <span class='ocrx_word' id='word_1_281' title='bbox 1012 3705 1167 3780; x_wconf 89' lang='lat' dir='ltr'>prosecuti</span> 
     </span>
    </p>
   </div>
   <div class='ocr_carea' id='block_1_3' title="bbox 161 3788 1165 4109">
    <p class='ocr_par' dir='ltr' id='par_1_5' title="bbox 162 3788 1165 3868">
     <span class='ocr_line' id='line_1_41' title="bbox 162 3788 1165 3868; baseline 0.003 -23"><span class='ocrx_word' id='word_1_282' title='bbox 162 3808 303 3864; x_wconf 87' lang='lat' dir='ltr'>magnam</span> <span class='ocrx_word' id='word_1_283' title='bbox 341 3789 565 3849; x_wconf 91' lang='lat' dir='ltr'>multitudinem</span> <span class='ocrx_word' id='word_1_284' title='bbox 604 3810 707 3849; x_wconf 89' lang='lat' dir='ltr'>eorum</span> <span class='ocrx_word' id='word_1_285' title='bbox 739 3790 920 3868; x_wconf 92' lang='lat' dir='ltr'>fugientium</span> <span class='ocrx_word' id='word_1_286' title='bbox 959 3788 1165 3865; x_wconf 88' lang='lat' dir='ltr'>conciderunt,</span> 
     </span>
    </p>

    <p class='ocr_par' dir='ltr' id='par_1_6' title="bbox 161 3876 1165 3953">
     <span class='ocr_line' id='line_1_42' title="bbox 161 3876 1165 3953; baseline 0.003 -22"><span class='ocrx_word' id='word_1_287' title='bbox 161 3893 256 3948; x_wconf 92' lang='lat' dir='ltr'>quum</span> <span class='ocrx_word' id='word_1_288' title='bbox 278 3876 315 3933; x_wconf 89' lang='lat' dir='ltr'>ab</span> <span class='ocrx_word' id='word_1_289' title='bbox 339 3882 472 3934; x_wconf 86' lang='lat' dir='ltr'>extremo</span> <span class='ocrx_word' id='word_1_290' title='bbox 503 3876 630 3953; x_wconf 87' lang='lat' dir='ltr'>agmine,</span> <span class='ocrx_word' id='word_1_291' title='bbox 660 3876 698 3934; x_wconf 90' lang='lat' dir='ltr'>ad</span> <span class='ocrx_word' id='word_1_292' title='bbox 721 3896 797 3952; x_wconf 89' lang='lat' dir='ltr'>quos</span> <span class='ocrx_word' id='word_1_293' title='bbox 826 3882 951 3936; x_wconf 90' lang='lat' dir='ltr'>ventum</span> <span class='ocrx_word' id='word_1_294' title='bbox 980 3882 1059 3950; x_wconf 88' lang='lat' dir='ltr'>erat,</span> <span class='ocrx_word' id='word_1_295' title='bbox 1095 3894 1165 3934; x_wconf 92' lang='lat' dir='ltr'>con-</span> 
     </span>
    </p>

    <p class='ocr_par' dir='ltr' id='par_1_7' title="bbox 162 3958 1165 4109">
     <span class='ocr_line' id='line_1_43' title="bbox 162 3958 1165 4038; baseline 0.004 -21"><span class='ocrx_word' id='word_1_296' title='bbox 162 3959 307 4019; x_wconf 89' lang='lat' dir='ltr'>sisterent</span> <span class='ocrx_word' id='word_1_297' title='bbox 334 3958 514 4036; x_wconf 85' lang='lat' dir='ltr'>fortiterque</span> <span class='ocrx_word' id='word_1_298' title='bbox 548 3962 693 4038; x_wconf 90' lang='lat' dir='ltr'>impetum</span> <span class='ocrx_word' id='word_1_299' title='bbox 715 3970 889 4021; x_wconf 90' lang='lat' dir='ltr'>nostrorum</span> <span class='ocrx_word' id='word_1_300' title='bbox 917 3960 1046 4020; x_wconf 87' lang='lat' dir='ltr'>militum</span> <span class='ocrx_word' id='word_1_301' title='bbox 1074 3963 1165 4021; x_wconf 88' lang='lat' dir='ltr'>susti-</span> 
     </span>
     <span class='ocr_line' id='line_1_44' title="bbox 962 4055 979 4109; baseline 0 0"><span class='ocrx_word' id='word_1_302' title='bbox 962 4055 979 4109; x_wconf 88' lang='lat'>3</span> 
     </span>
    </p>
   </div>
   <div class='ocr_carea' id='block_1_4' title="bbox 0 0 1340 4456">
    <p class='ocr_par' dir='ltr' id='par_1_8' title="bbox 0 0 1340 4456">
     <span class='ocr_line' id='line_1_45' title="bbox 0 0 1340 4456; baseline 0 0"><span class='ocrx_word' id='word_1_303' title='bbox 0 0 1340 4456; x_wconf 95' lang='lat' dir='ltr'> </span> 
     </span>
    </p>
   </div>
  </div>
 </body>
</html>
