2670 4456
162 283 201 341 76
472 275 525 327 DE
544 272 672 327 BELLO
691 271 861 327 GALHCO

161 481 239 545 sent,
263 468 415 530 communi
437 467 563 528 consilio
587 467 844 527 administrarent.
890 467 967 525 Haec
996 487 1015 524 a
1037 466 1172 544 complu·

160 558 246 615 ribus
269 556 308 613 ad
332 554 485 614 Oaesarem
507 552 733 612 deferebantur.

247 641 322 700 VII.
369 640 492 712 Quare
515 639 636 716 cognita
660 637 773 713 Oaesar,
798 637 881 714 quod
909 644 1029 696 tantum
1057 637 1173 696 civitati

161 727 290 786 Haeduae
304 725 462 802 dignitatis
485 725 651 799 tribuebat,
675 716 876 783 coercendum
899 731 991 799 atque
1014 721 1170 781 deterren-

162 813 242 888 dum,
267 813 499 887 quibuscunque
514 812 608 868 rebus
627 818 743 887 posset,
764 809 984 885 Dumnorigem
1002 809 1170 882 statuebat,
1198 859 1202 863 .

163 897 244 974 quod
274 898 394 974 longius
424 896 491 972 ejus
521 896 686 954 amentiam
713 894 858 973 progredi
888 894 1030 968 videbat,
1053 895 1172 972 perspi-

162 983 312 1058 ciendum,
345 1002 385 1041 ne
418 981 493 1057 quid
526 982 585 1040 sibi
620 1001 656 1040 ac
689 983 734 1040 rei
763 981 895 1059 publicae
924 999 1034 1038 nocere
1055 987 1171 1056 posset.

162 1070 274 1145 Itaque
296 1068 363 1127 dies
386 1068 509 1126 circiter
531 1066 627 1127 XXV
648 1067 680 1125 in
703 1087 738 1125 eo
761 1067 829 1125 loco
853 1072 1067 1140 commoratae,
1091 1064 1173 1140 quod

162 1173 252 1214 corus
274 1160 386 1213 ventus
408 1152 636 1228 navigationem
657 1152 853 1230 impediebat,
878 1151 930 1226 qui
941 1171 1083 1227 magnam
1104 1171 1172 1228 par-

161 1248 225 1299 tem
247 1239 344 1298 omnis
367 1238 514 1315 temporis
536 1237 567 1295 in
589 1237 638 1296 his
666 1238 744 1296 locis
771 1236 845 1296 flare
876 1237 1050 1310 consuevit,
1079 1236 1173 1295 dabat

163 1344 303 1403 operam,
337 1332 372 1382 ut
404 1323 436 1381 in
473 1321 574 1382 officio
607 1323 828 1400 Dumnorigem
862 1322 1045 1394 contineret,
1078 1322 1171 1380 nihilo

162 1419 265 1470 tamen
293 1409 396 1469 secius
425 1409 526 1467 omnia
553 1407 621 1484 ejus
651 1409 778 1468 consilia
806 1415 1020 1485 cognosceret;
1050 1407 1172 1466 tandem

163 1496 303 1554 idoneam
342 1501 452 1554 nactus
492 1501 709 1571 tempestatem
741 1495 854 1553 milites
888 1494 1068 1569 equitesque
1103 1512 1172 1552 con-

164 1580 311 1640 scendere
334 1581 366 1639 in
387 1599 484 1640 naves
503 1579 602 1656 jubet.
653 1578 697 1639 At
719 1581 852 1639 omnium
879 1579 1035 1657 impeditis
1063 1578 1171 1637 animis

162 1666 332 1725 Dumnorix
355 1686 425 1725 cum
448 1666 603 1741 equitibus
630 1666 820 1725 Haeduorum
848 1686 867 1724 1
889 1665 1000 1724 castris
1022 1664 1172 1723 insciente

163 1751 286 1811 Caesare
309 1751 433 1811 domum
461 1751 621 1811 discedere
643 1752 745 1829 coepit.
793 1751 861 1822 Qua
888 1770 921 1809 re
943 1750 1084 1809 nuntiata
1107 1749 1171 1809 an-

163 1858 213 1896 sar
245 1838 420 1896 intermissa
454 1836 643 1914 proiectione
671 1845 764 1913 atque
793 1837 932 1896 omnibus
960 1837 1053 1895 rebus
1086 1844 1169 1913 post-

163 1922 272 2000 positis
294 1943 435 2000 magnam
456 1930 576 2000 partem
605 1923 759 1998 equitatus
788 1923 827 1982 ad
856 1943 925 1981 eum
951 1922 1173 1997 insequendum

163 2008 256 2066 mittit
284 2008 458 2083 retrahique
490 2008 633 2085 imperat;
670 2009 696 2067 si
718 2009 780 2068 vim
802 2007 897 2067 faciat
925 2027 1025 2083 neque
1052 2014 1169 2085 pareat,

163 2091 293 2152 interfici
312 2093 410 2168 jubet,
433 2093 509 2150 nihil
531 2093 611 2152 hunc
634 2114 668 2152 se
691 2095 819 2153 absente
840 2114 896 2172 pro
920 2113 994 2152 sano
1018 2092 1173 2152 facturum

165 2179 346 2253 arbitratus,
389 2179 441 2254 qui
472 2179 635 2255 praesentis
668 2179 828 2258 imperium
861 2179 1057 2256 neglexisset.
1114 2179 1173 2237 Ille

165 2266 317 2324 enimvero
339 2272 502 2323 revocatus
525 2264 670 2324 resistere
693 2285 728 2324 ac
752 2285 785 2324 se
808 2285 900 2323 manu
919 2263 1084 2323 defendere
1102 2284 1172 2323 suo-

161 2370 288 2426 rumque
310 2349 403 2410 fidem
424 2351 587 2428 implorare
610 2350 718 2429 erepit,
743 2371 826 2429 saepe
855 2351 1014 2410 clamitans
1042 2350 1172 2408 liberum

164 2456 198 2494 se
220 2436 386 2512 liberaeque
420 2455 490 2495 esse
519 2437 662 2496 civitatis.
718 2437 780 2512 Illi,
814 2444 849 2494 ut
882 2444 948 2495 erat
980 2437 1171 2513 imperatum,

163 2521 392 2580 circumsistunt
433 2521 587 2581 hominem
621 2530 713 2598 atque
745 2521 947 2596 interficiunt;
990 2528 1021 2580 at
1054 2522 1172 2597 equites

162 2604 275 2664 Haedui
297 2605 337 2665 ad
360 2605 514 2666 Caesarem
536 2627 641 2666 omnes
663 2615 868 2668 revertuntur.

248 2690 341 2751 VIII.
375 2692 434 2749 His
456 2693 549 2751 rebus
571 2694 679 2769 gestis,
702 2694 839 2752 Labieno
861 2693 893 2752 in
917 2692 1084 2751 continenti
1103 2713 1172 2751 cum

162 2776 261 2835 tribus
283 2775 455 2852 legionibus
478 2785 510 2834 et
531 2779 666 2852 equitum
695 2779 816 2838 milibus
846 2779 965 2838 duobus
993 2778 1110 2852 relict0,
1139 2786 1174 2836 ut
1210 2816 1217 2827 ·

162 2868 270 2939 portus
292 2867 429 2920 tueretur
452 2869 483 2920 et
503 2882 568 2921 rem
590 2861 820 2923 frumentariam
837 2864 1023 2942 provideret,
1043 2883 1173 2939 quaeque

163 2947 194 3005 in
218 2946 318 3006 Gallia
339 2954 528 3024 gererentur,
553 2956 752 3026 cognosceret
774 2950 995 3025 consiliumque
1020 2970 1076 3027 pro
1094 2956 1170 3008 tem-

140 3045 237 3111 'pore
261 3040 292 3091 et
313 3053 368 3110 pro
396 3053 430 3092 re
464 3041 597 3111 caperet,
631 3035 698 3113 ipse
731 3056 801 3095 cum
835 3035 968 3111 quinque
999 3035 1171 3112 legionibus

165 3125 195 3178 et
216 3118 284 3196 pari
305 3139 431 3177 numero
454 3120 599 3195 equitum,
624 3141 715 3196 quem
741 3122 774 3180 in
802 3121 969 3180 continenti
995 3121 1170 3196 reliquerat,

165 3203 205 3263 ad
227 3203 301 3262 solis
324 3223 467 3263 occasum
488 3225 584 3265 naves
613 3206 706 3266 solvit
735 3214 766 3265 et
792 3206 853 3266 leni
882 3206 977 3266 africo
1006 3216 1172 3285 provectus

165 3288 266 3348 media
299 3289 420 3348 circiter
452 3298 541 3349 nocte
570 3298 661 3351 vento
689 3293 864 3351 intermisso
893 3311 1017 3351 cursum
1044 3312 1105 3350 non
1127 3298 1172 3350 te-

163 3373 230 3434 nuit
252 3380 283 3432 et
303 3373 424 3451 longius
448 3376 568 3435 delatus
591 3385 669 3436 aestu
692 3385 759 3436 orta
780 3377 850 3436 luce
873 3379 929 3436 sub
960 3377 1085 3436 sinistra
1103 3377 1172 3435 Bri-

164 3459 301 3518 tanniam
328 3461 467 3519 relictam
501 3463 669 3540 conspexit.
722 3463 800 3521 Tum
827 3482 934 3521 rursus
964 3471 1058 3522 aestus
1092 3482 1172 3521 com-

164 3545 362 3604 mutationem
384 3553 509 3605 secutus
531 3547 623 3606 remis
646 3548 811 3622 contendit,
834 3555 869 3607 ut
892 3555 1100 3626 campartem
1127 3549 1173 3606 in-

167 3631 243 3690 sulae
276 3639 418 3709 caperet,
453 3652 514 3707 qua
546 3633 694 3710 optimum
728 3653 796 3693 esse
827 3653 985 3710 egressum
1016 3633 1174 3711 superiore

95 3778 98 3788 ,
166 3723 274 3775 aestate
297 3726 491 3794 cognoverat.
547 3718 615 3789 Qua
643 3719 675 3777 in
704 3739 738 3777 re
768 3719 931 3778 admodum
960 3718 1020 3778 fuit
1043 3719 1173 3778 militum

165 3802 264 3861 virtus
286 3802 448 3878 laudanda,
473 3803 525 3879 qui
546 3805 691 3864 vectoriis
719 3804 927 3882 gravibusque
954 3804 1085 3881 navigiis
1107 3824 1170 3862 non

163 3887 337 3947 intermisso
365 3888 535 3966 remigandi
567 3890 672 3949 labore
704 3890 865 3967 longarum
897 3890 1021 3950 navium
1050 3908 1175 3948 cursum

165 3972 375 4048 adaequaruut.
420 3974 591 4034 Accessum
615 3983 663 4034 est
685 3976 725 4035 ad
743 3975 934 4034 Britanniam
958 3974 1098 4035 omnibus
1120 3995 1174 4034 na·
