2670 4456
564 260 683 314 mena
701 261 767 316 vn.
1089 272 1149 329 127

150 455 248 531 lisque
272 456 508 515 excruciaverat.
555 455 597 513 Hi
616 455 682 531 jam
705 463 774 515 ante
797 455 907 531 edocti,
932 477 1000 533 quae
1023 457 1149 517 interro-

151 542 215 617 gati
236 541 478 619 pronuntiarent,
512 540 623 600 milites
658 560 691 600 se
726 560 794 600 esse
823 542 1006 618 legionarios
1029 543 1149 616 dicunt;

152 626 232 686 fame
255 627 410 706 etinopia
432 626 581 686 adductos
605 627 685 685 clam
705 647 743 685 ex
766 628 875 686 castris
899 628 1009 703 exisse,
1033 628 1151 703 siquid

151 711 295 771 frumenti
327 720 381 771 aut
413 713 533 789 pecoris
567 712 599 769 in
622 713 703 789 agris
726 713 861 790 reperire
883 721 1025 791 possent;
1061 714 1151 772 simili

151 818 268 858 omnem
291 798 457 857 exercitum
478 797 580 874 inopia
602 798 709 875 premi,
738 818 794 857 nec
814 798 879 874 jam
902 800 984 859 vires
1008 798 1151 859 sufficere

152 884 330 959 cuiusquam
351 903 407 942 nec
430 882 511 943 ferre
534 883 635 960 operis
658 884 792 942 laborem
820 903 926 961 posse,
957 885 1061 959 itaque
1089 892 1150 944 sta·

150 969 246 1028 tuisse
268 970 493 1048 imperatorem,
526 968 553 1028 si
575 968 649 1027 nihil
671 969 701 1027 in
721 970 946 1047 oppugnatione
964 970 1068 1047 oppidi
1079 990 1150 1047 pro·

148 1053 283 1128 iecisset,
308 1054 408 1113 triduo
432 1055 599 1114 exercitum
622 1054 782 1113 deducere.
818 1055 903 1130 Haec,
928 1054 1035 1130 inquit,
1055 1075 1073 1113 a
1091 1075 1148 1127 me,

150 1140 390 1217 Vercingetorix,
413 1138 561 1199 beneficia
583 1141 718 1214 habetis,
749 1160 838 1215 quem
866 1140 1048 1217 proditionis
1077 1140 1149 1199 insi·

149 1225 281 1300 mulatis,
306 1226 394 1301 cujus
416 1246 508 1303 opera
532 1227 597 1284 sine
622 1233 724 1285 vestro
748 1226 896 1302 sangvine
924 1233 1042 1284 tautum
1064 1246 1149 1284 exer·

150 1312 242 1370 citum
264 1312 411 1372 victorem
444 1310 525 1370 fame
547 1331 635 1389 paene
664 1319 878 1390 consumptum
907 1311 1028 1386 videtis,
1060 1331 1150 1386 quem

149 1397 278 1475 turpiter
312 1417 345 1456 se
379 1416 417 1456 ex
450 1397 507 1455 hac
541 1395 615 1473 fuga
647 1397 845 1474 recipientem
878 1417 916 1455 ne
951 1418 1011 1473 qua
1040 1397 1150 1457 civitas

150 1483 213 1541 suis
235 1482 347 1542 finibus
370 1482 507 1560 recipiat,
532 1504 549 1541 a
571 1503 619 1541 me
642 1483 798 1559 provisum
821 1496 878 1542 est.

234 1568 326 1627 XXI.
372 1566 549 1626 Conclamat
572 1567 668 1626 omnis
680 1568 840 1627 multitudo
865 1575 895 1628 ot
918 1588 972 1627 suo
996 1588 1078 1628 more
1102 1589 1148 1627 ar-

149 1654 205 1712 mis
242 1660 405 1732 concrepat
439 1652 532 1728 (quod
564 1652 667 1713 facere
700 1653 731 1711 in
765 1673 800 1711 eo
829 1661 1029 1728 consverunt,
1060 1653 1148 1730 cujus

151 1739 315 1799 orationem
355 1738 536 1816 approbant)
576 1759 726 1798 summum
765 1758 833 1798 esse
856 1739 1148 1815 'Vercingetorigem

149 1823 265 1899 ducem,
300 1844 357 1884 nec
379 1824 418 1882 de
451 1824 518 1900 ejus
552 1823 612 1883 fide
635 1823 843 1900 dubitandum,
878 1844 935 1883 nec
964 1823 1079 1900 majore
1101 1845 1147 1883 ra-

148 1910 229 1970 tione
251 1910 365 1968 bellum
399 1909 604 1969 administrari
637 1929 738 1988 posse.
795 1910 948 1984 Statuunt,
983 1917 1017 1968 ut
1044 1909 1149 1969 decem
1238 1940 1242 1945 ·

148 1995 229 2055 milia
251 1996 405 2055 hominum
428 1995 548 2054 delecta
570 2016 607 2054 ex
636 1996 776 2054 omnibus
810 1997 905 2075 copiis
939 1995 970 2054 in
1004 1995 1148 2073 oppidum

150 2082 383 2154 summittantur,
407 2101 463 2140 nec
487 2081 561 2141 solis
583 2082 774 2158 Biturigibus
804 2101 991 2141 communem
1019 2082 1149 2140 salutem

150 2167 393 2227 committendam
427 2175 561 2241 censent,
596 2166 678 2243 quod
711 2187 798 2244 paene
825 2168 856 2225 in
880 2187 924 2241 eo,
956 2168 981 2225 si
1010 2166 1041 2223 id
1064 2166 1148 2243 oppi-

150 2253 226 2312 dum·
259 2253 471 2325 retinuissent,
512 2271 661 2312 summam
695 2253 830 2312 victoriae
864 2259 1005 2311 constare
1037 2251 1148 2310 intelli·
1255 2246 1260 2254 '

150 2340 344 2482 gebmlilffl.
387 2422 541 2500 Singulari
558 2423 688 2481 militum
706 2422 1004 2482 nostrorum-virtuti
1023 2421 1150 2479 consilia

150 2509 382 2586 cujusquemodi
404 2508 562 2567 Gallorum
586 2509 804 2592 occurrebant,
819 2515 854 2566 ut
876 2514 924 2566 est
946 2526 1072 2566 summae
1094 2526 1146 2582 ge-

149 2615 207 2654 nus
241 2595 384 2654 sollertiae
418 2601 510 2669 atque
544 2594 583 2652 ad
618 2594 717 2652 omnia
750 2592 898 2651 imitanda
926 2599 956 2652 et
979 2591 1148 2665 efficienda,

150 2701 217 2756 quae
241 2681 279 2739 ab
303 2699 423 2756 quoque
445 2678 616 2753 traduntur,
642 2679 841 2758 aptissimum.
877 2679 956 2737 Nam
979 2685 1009 2737 et
1032 2677 1149 2753 laqueis
1252 2734 1257 2745 ,

149 2765 245 2827 falces
269 2766 463 2840 avertebant,
493 2785 569 2840 quas
599 2785 691 2840 quum
719 2765 963 2840 destinaverant,
991 2764 1150 2822 tormentis

149 2851 300 2911 introrsus
322 2850 519 2924 reducebant,
544 2859 575 2910 et
598 2871 741 2928 aggerem
758 2850 904 2909 cuniculis
918 2849 1148 2921 subtrahebant,

150 2957 185 2996 eo
207 2937 363 3008 scientiae,
388 2935 470 3011 quod
492 2935 573 3013 apud
596 2955 648 2994 eos
672 2955 790 3012 magnae
815 2943 887 2993 sunt
904 2933 1040 2993 ferrariae
1059 2940 1149 3008 atque

151 3043 237 3082 omne
271 3040 368 3099 genus
402 3021 611 3080 cuniculorum
643 3028 749 3079 notum
782 3027 873 3095 atque
912 3021 1059 3077 usitatum
1093 3026 1148 3076 est.

151 3107 261 3167 Totum
284 3114 385 3166 autem
407 3126 527 3164 murum
551 3126 588 3164 ex
611 3106 692 3164 omni
713 3112 800 3183 parte
818 3105 953 3163 turribus
971 3103 1147 3162 contabula-

151 3200 258 3253 verant
292 3199 382 3267 atque
405 3192 460 3250 has
494 3191 583 3250 coriis
606 3191 786 3251 intexerent.
831 3191 909 3248 Tum
932 3190 1047 3249 crebris
1070 3188 1151 3246 diur-

150 3279 199 3337 nis
221 3277 438 3353 nocturnisque
461 3276 670 3354 eruptionibus
699 3284 751 3336 aut
779 3276 884 3352 aggeri
911 3275 1013 3353 ignem
1040 3274 1151 3333 infere-

150 3365 225 3424 bant
260 3371 313 3423 aut
346 3363 457 3422 milites
494 3368 659 3440 occupatos
692 3362 724 3420 in
753 3381 844 3439 opere
873 3362 1088 3420 adoriebantur
1123 3366 1154 3418 et
1223 3430 1226 3437 Ι

150 3458 324 3509 nostrarum
345 3448 474 3506 turrium
499 3447 700 3522 altitudinem,
713 3454 860 3522 quantum
881 3448 938 3505 has
957 3446 1152 3522 quotidianus

151 3556 246 3613 agger
286 3541 494 3611 expresserat,
543 3533 712 3591 commissis
751 3552 876 3591 suarum
917 3532 1047 3591 turrium
1095 3529 1152 3587 alis

151 3620 364 3695 adaequabant,
388 3625 419 3678 et
441 3626 566 3695 ape1tos
589 3618 744 3676 cuniculos
772 3624 909 3695 praeusta
938 3623 969 3674 et
997 3620 1153 3693 praeacuta

151 3707 278 3765 materia
306 3712 337 3763 et
370 3704 439 3781 pice
472 3702 645 3764 fervefacta
678 3712 709 3762 et
741 3703 864 3761 maximi
897 3700 1041 3779 ponderis
1071 3698 1152 3757 saxis

152 3792 347 3850 morabantur
369 3789 580 3864 moenibusque
603 3789 847 3867 appropinquare
869 3785 1081 3864 prohibebant.

236 3874 365 3935 XXIII.
400 3874 481 3932 Muri
504 3880 605 3933 autem
628 3894 732 3934 omnes
756 3873 866 3933 Gallici
888 3872 946 3929 hac
968 3868 1033 3929 iere
1055 3868 1154 3927 foruna

152 3970 233 4020 sunt.
278 3960 395 4020 Trabes
418 3958 553 4033 directae,
584 3966 741 4037 perpetuae
769 3959 801 4016 in
823 3955 1050 4032 longitudinem,
1073 3955 1153 4032 pari·
