2670 4456
136 235 157 290 4
458 223 511 276 nu
529 221 656 277 annno
676 222 845 277 ommno

137 421 192 479 ciae
219 419 276 478 toti
305 440 395 495 quam
422 419 584 479 maximum
611 425 714 498 potest
738 418 869 477 militurn
896 436 1054 476 numerum
1076 418 1168 496 impe-

98 552 102 559 .
135 514 184 564 rat
212 504 289 576 (erat
317 506 436 564 omnino
465 506 496 564 in
520 504 621 565 Gallia
642 505 785 564 ulteriore
813 504 892 580 legio
915 502 1003 576 una);
1033 510 1168 580 pontem,

138 591 189 667 qui
218 599 284 650 erat
312 591 352 650 ad
380 591 527 665 Genuam,
558 591 647 667 jubet
674 589 815 650 rescindi.
867 588 929 648 Ubi
958 587 996 646 de
1025 588 1092 664 ejus
1116 588 1168 648 ad-

135 683 229 736 ventu
252 676 387 736 Helvetii
415 677 560 736 certiores
588 675 662 736 facti
691 682 777 750 sunt,
805 675 924 751 legatos
948 674 988 733 ad
1010 693 1078 732 eum
1100 675 1168 733 mit-

135 767 204 820 tunt
225 762 430 822 nobilissimos
454 763 602 836 civitatiS,
637 761 725 839 cujus
753 761 914 839 legationis
936 759 1115 836 Nammejus
1139 768 1171 818 et

135 846 348 907 Verucloetius
381 848 549 926 principem
581 848 682 908 locum
715 848 907 921 obtinebant,
948 845 1000 922 qui
1033 845 1170 904 dicerent

135 932 194 992 sibi
227 952 296 993 esse
324 934 355 991 in
383 935 482 993 animo
511 935 576 994 sine
604 933 666 994 ullo
694 931 841 992 maleficio
875 932 933 990 iter
962 950 1018 1009 per
1047 931 1168 1008 provin-

136 1018 213 1076 ciam
235 1017 345 1093 facere,
380 1026 542 1097 propterea
572 1019 654 1095 quod
683 1018 766 1079 aliud
788 1019 846 1077 iter
867 1017 1015 1076 haberent
1037 1015 1167 1089 nullum;

135 1122 253 1180 rogare,
288 1111 322 1163 nt
350 1104 417 1181 ejus
445 1106 603 1165 voluntate
630 1105 662 1163 id
690 1105 748 1164 sibi
776 1102 877 1163 lacere
907 1102 1007 1160 liceat.
1065 1100 1169 1160 Caesar

136 1188 217 1263 quod
257 1190 401 1249 memoria
434 1192 559 1250 tenebat
591 1191 628 1249 L.
665 1189 805 1250 Cassium
839 1187 994 1247 consulem
1035 1187 1170 1245 occisum

135 1275 361 1350 exercitumque
396 1275 463 1352 ejus
497 1278 534 1335 ab
569 1276 721 1336 Helvetiis
755 1276 875 1353 pulsum
909 1280 940 1333 et
973 1274 1029 1331 sub
1060 1271 1170 1349 jugum

135 1360 276 1435 missum,
312 1361 538 1421 concedendmn
567 1382 628 1420 non
657 1362 800 1439 putabat,
832 1377 930 1436 neque
953 1359 1090 1417 homines
1112 1358 1167 1416 ini-

19 1462 23 1469 ·
135 1445 212 1503 mico
241 1447 339 1505 animo
369 1446 442 1506 data
468 1446 616 1507 iacultate
643 1467 699 1526 per
726 1445 914 1525 provinciam
942 1443 1060 1502 itineris
1094 1441 1167 1503 faci-

134 1529 208 1588 undi
240 1538 463 1610 temperaturos
497 1536 534 1592 ab
568 1533 680 1610 injuria
713 1540 743 1592 et
776 1529 922 1590 maleficio
957 1529 1167 1602 existimabat,

134 1622 245 1687 tamen,
273 1624 307 1675 ut
336 1619 468 1695 spatium
489 1619 678 1679 intercedere
700 1625 815 1696 posset,
845 1616 916 1675 dum
938 1615 1060 1688 milites,
1092 1632 1168 1690 quos

133 1700 344 1778 imperaverat,
380 1706 586 1780 convenirent,
620 1705 730 1782 legatis
763 1701 922 1780 respondit
956 1701 1036 1760 diem
1065 1719 1100 1759 se
1130 1699 1168 1758 ad

135 1784 364 1847 deliberandum
386 1799 577 1868 sumpturum
584 1812 590 1864 ;
623 1792 648 1849 si
672 1789 745 1866 quid
767 1788 891 1861 vellent,
915 1786 955 1846 ad
977 1786 1052 1845 Idus
1075 1785 1168 1863 Apri-

135 1869 180 1930 les
204 1880 438 1934 reverterentur.

219 1957 312 2017 VIII.
364 1960 487 2020 Interea
520 1982 557 2022 ea
588 1961 722 2039 legione,
763 1980 854 2037 quam
887 1976 991 2018 secum
1023 1956 1166 2029 habebat,

134 2042 351 2121 militibusque,
387 2047 438 2121 qui
465 2067 503 2106 ex
532 2047 689 2126 provincia
717 2051 931 2118 convenerant,
967 2064 985 2102 a
1012 2042 1081 2101 lacu
1109 2041 1168 2099 Le·

134 2146 254 2203 manno,
296 2131 347 2205 qui
385 2132 416 2191 iu
452 2130 563 2192 flumen
596 2133 778 2193 Rhodanum
810 2129 918 2204 influit,
965 2128 1004 2187 ad
1037 2135 1170 2185 montem

134 2213 257 2289 Juram,
287 2216 339 2292 qui
361 2216 437 2277 fines
462 2218 670 2295 Sequanorum
693 2220 730 2278 ab
754 2216 906 2277 Helvetiis
930 2213 1053 2286 dividit,
1087 2212 1169 2269 milia

134 2317 280 2375 passuum
308 2301 413 2363 decem
441 2311 472 2363 et
499 2325 609 2364 novem
636 2325 754 2364 murum
784 2304 815 2362 in
844 2299 1034 2360 altitudinem
1057 2296 1169 2374 pedum

127 2384 268 2446 sedecim
295 2386 471 2467 fossamque
500 2391 648 2470 perducit.
701 2391 749 2449 Eo
777 2407 869 2467 opere
896 2383 1032 2464 perlecto
1062 2382 1167 2460 praesi-

135 2469 185 2527 dia
212 2470 360 2549 disponit,
391 2477 518 2537 castelle
546 2478 719 2551 communit,
754 2495 813 2552 quo
841 2472 972 2545 facilius,
1006 2470 1034 2528 si
1061 2488 1095 2528 se
1123 2468 1168 2526 in-

134 2553 196 2612 vito
220 2558 351 2616 transire
374 2570 564 2636 conarentur,
595 2563 756 2640 prohibere
779 2565 893 2637 posset.
946 2556 1010 2617 Ubi
1032 2575 1069 2614 ea
1091 2553 1167 2626 dies,

133 2658 223 2712 quam
251 2642 452 2707 constituerat
479 2665 548 2704 cum
575 2646 700 2722 legatis,
735 2645 820 2703 venit
847 2650 878 2701 et
904 2641 999 2717 legati
1027 2639 1066 2697 ad
1097 2657 1165 2695 eum

132 2731 332 2802 reverterunt,
366 2738 460 2806 negat
492 2749 526 2790 se
559 2750 642 2790 more
676 2738 707 2790 et
737 2727 874 2804 exemplo
902 2724 1006 2802 populi
1033 2723 1166 2780 Romani

132 2828 224 2885 posse
256 2811 315 2871 iter
342 2813 396 2872 ulli
424 2835 480 2893 per
506 2817 695 2893 provinciam
723 2814 797 2872 dare
831 2819 875 2885 et,
912 2810 939 2869 si
968 2809 1030 2869 vim
1063 2806 1165 2865 tacere

134 2902 289 2971 conentur,
313 2900 534 2975 prohibiturum
556 2901 699 2961 ostendit.
751 2896 887 2958 Helvetii
916 2915 954 2955 ea
975 2913 1030 2971 spe
1053 2892 1166 2969 dejecti

133 2980 263 3040 navibus
287 2982 403 3059 junctis
432 2987 611 3064 ratibusque
640 2984 844 3064 complurihus
872 2980 973 3055 iactis,
1006 2979 1057 3037 alii
1079 2978 1167 3038 vadis

133 3063 284 3142 Rhodani,
313 3090 373 3145 qua
395 3072 517 3132 minima
540 3072 668 3133 altitudo
690 3069 823 3130 fluminis
846 3075 920 3142 erat,
950 3084 1166 3140 nonnunquam

132 3149 273 3226 interdiu,
308 3156 421 3233 saepius
451 3166 553 3234 noctu,
587 3159 614 3218 si
646 3174 842 3236 perrumpere
875 3158 1017 3231 possent,
1053 3150 1163 3223 conati,

133 3235 233 3311 operis
256 3241 420 3301 munitione
443 3252 474 3303 et
496 3245 623 3304 militum
645 3261 796 3304 concursu
818 3247 849 3300 et
871 3239 941 3298 telis
963 3236 1079 3315 repulsi
1107 3236 1163 3293 hoo

134 3327 244 3380 conatu
267 3323 460 3386 destiterunt.

172 3473 176 3482 ,
217 3406 277 3466 ΙΧ.
323 3411 565 3490 Relinquebatur
587 3435 648 3474 nna
668 3434 724 3493 per
746 3412 904 3488 Sequanos
933 3409 998 3482 via,
1029 3426 1089 3483 qua
1111 3403 1165 3462 Se·

134 3491 241 3565 quanis
269 3494 374 3557 invitis
402 3509 528 3578 propter
556 3501 713 3579 angustias
741 3500 786 3558 ire
815 3517 876 3556 non
906 3498 1055 3573 poterant.
1106 3488 1165 3546 His

133 3594 225 3650 quum
258 3597 314 3640 sua
347 3590 456 3660 sponte
488 3588 674 3664 persuadere
707 3605 768 3645 non
799 3588 940 3661 possent,
974 3578 1092 3654 legatos
1127 3574 1165 3632 ad

132 3659 350 3742 Dumnorigem
372 3669 526 3730 Haeduum
553 3673 690 3746 mittunt,
720 3679 754 3729 ut
781 3688 817 3728 eo
845 3667 1042 3745 deprecatore
1071 3680 1089 3717 a
1112 3658 1164 3717 Se-

133 3748 241 3819 quanis
264 3750 470 3830 impetrarent.
526 3757 694 3818 Dumnorix
721 3754 821 3833 gratia
848 3759 879 3814 et
901 3748 1060 3825 largitione
1084 3743 1165 3823 apud

133 3827 291 3907 Sequanos
324 3839 487 3916 plurimum
518 3850 639 3922 poterat
673 3849 703 3903 et
736 3839 887 3900 Helvetiis
929 3841 995 3894 erat
1039 3831 1163 3903 amicus

133 3916 214 3989 quod
248 3939 285 3980 ex
319 3942 354 3984 ea
383 3926 507 3988 civitate
536 3928 727 4007 Orgetorigis
756 3924 849 3984 filiam
878 3924 910 3981 in
942 3916 1164 3978 matrimonium

56 4060 143 4178 R
