2670 4456
545 276 665 330 LIBER
682 277 736 331 ΠΙ.
1118 285 1158 342 55

159 469 330 547 opinionem
351 471 549 547 pugnantium
570 472 751 548 praeberent,
780 492 872 548 quum
899 473 972 532 item
1000 474 1038 532 ab
1064 473 1158 533 hosti-

160 557 218 615 bus
253 563 428 615 constanter
458 576 492 614 ac
525 577 586 615 non
614 556 717 616 timide
747 567 943 635 pugnaretur,
973 559 1093 634 telaque
1122 579 1159 618 ex

161 642 226 701 loco
261 642 416 720 superiore
450 642 544 701 missa
577 664 637 701 non
671 641 786 702 frustra
820 645 1006 720 acciderent,
1042 646 1158 720 equites

163 728 326 787 circumitis
355 727 487 786 hostium
516 729 624 786 castris
655 727 765 787 Crasso
800 731 1065 806 renuntiaverrmt,
1099 751 1159 790 non

163 814 268 874 eadem
291 833 359 873 esse
383 813 538 890 diligentia
561 815 598 872 ab
623 814 789 874 decumana
810 823 899 893 porta
922 824 1023 875 castra
1045 817 1160 876 munita

162 899 342 974 facilemque
365 899 481 958 aditum
502 899 624 958 habere.

245 985 366 1045 XXVI.
413 983 543 1044 Crassus
567 986 701 1061 equitum
723 985 887 1063 praefectos
911 987 1095 1061 cohortatus,
1126 993 1159 1045 ut

161 1072 278 1148 magnis
322 1071 456 1149 praemiis
499 1072 828 1149 pollicitationibusque
869 1093 942 1131 suos
982 1072 1158 1148 excitarent,

161 1157 234 1234 quid
256 1156 435 1232 fierivellet,
450 1157 591 1216 ostendit.
638 1158 698 1231 Illi,
722 1165 756 1216 ut
779 1165 844 1218 erat
855 1158 1044 1236 imperatum,
1069 1158 1158 1217 educ-

161 1244 200 1303 tis
223 1243 260 1301 iis
284 1243 468 1318 cohortibus,
498 1264 566 1318 quae
596 1243 738 1320 praesidio
767 1245 877 1303 castris
904 1245 1018 1303 relictae
1047 1244 1159 1303 intritae

163 1331 199 1388 ab
222 1329 327 1388 labore
350 1336 445 1404 erant,
470 1336 500 1388 et
522 1329 658 1406 longiore
680 1330 788 1388 itinere
810 1329 1034 1404 circumductis,
1062 1349 1100 1388 ne
1123 1349 1160 1388 ex

161 1415 294 1474 hostium
323 1415 430 1473 castris
454 1416 588 1492 conspici
609 1423 745 1492 possent,
775 1416 907 1474 omnium
935 1417 1031 1475 oculis
1052 1416 1159 1475 menti-

161 1503 280 1576 busque
303 1500 343 1559 ad
364 1521 496 1578 pugnam
519 1501 644 1560 intentis
668 1501 808 1560 celeriter
838 1502 877 1559 ad
900 1522 960 1577 eas,
986 1521 1061 1577 quas
1085 1501 1159 1560 dixi-

162 1607 245 1659 mus,
268 1583 456 1646 ''munitiones
484 1594 688 1665 pervenerunt
717 1595 806 1662 atque
834 1588 881 1646 his
908 1588 1041 1665 prorutis
1075 1588 1159 1665 prius

162 1674 193 1731 in
214 1672 347 1730 hostium
370 1673 478 1731 castris
494 1673 703 1746 constiterunt,
727 1693 817 1748 quam
839 1673 929 1750 plane
952 1674 1044 1732 abiis
1063 1672 1161 1733 videri

163 1764 223 1833 aut,
259 1758 330 1833 quid
358 1758 402 1817 rei
435 1766 601 1835 gereretur,
638 1759 780 1834 cognosci
813 1766 928 1836 posset.
984 1759 1060 1816 Tum
1087 1778 1159 1819 vero

164 1844 293 1902 clamore
317 1844 353 1902 ab
378 1863 414 1902 ea
436 1852 523 1921 parte
547 1844 648 1903 audito
672 1844 770 1903 nostri
797 1844 1012 1922 redintegratis
1034 1845 1159 1920 viribus,

162 1929 244 2006 quod
276 1929 452 2007 plerumque
485 1931 516 1988 in
550 1950 604 2008 spe
643 1931 780 1990 victoriae
821 1930 960 1990 accidere
993 1931 1159 2005 consvevit,

164 2016 262 2074 acrius
295 2015 473 2093 impugnare
502 2023 667 2094 coeperunt.
723 2018 839 2076 Hostes
871 2017 1005 2092 undique
1033 2017 1160 2075 circum-

164 2102 247 2162 venti
270 2100 439 2178 desperatis
464 2103 601 2168 omnibus
631 2104 723 2161 rebus
753 2123 786 2162 se
816 2123 871 2180 per
900 2103 1081 2161 mrmitiones
1110 2103 1160 2161 de-

159 2186 256 2263 jicere
279 2195 310 2246 et
331 2185 404 2264 fuga
427 2188 557 2246 salutem
583 2196 688 2266 petere
715 2188 917 2247 intenderunt.
972 2188 1055 2260 Quos
1079 2189 1160 2262 equi-

164 2280 245 2331 tatus
285 2273 484 2350 apertissimis
518 2275 634 2351 campis
668 2281 861 2332 consectatus
906 2294 942 2332 ex
986 2273 1101 2331 milium
1133 2274 1160 2330 L

162 2379 300 2434 numero,
341 2378 409 2435 quae
449 2380 485 2418 ex
523 2359 688 2435 Aquitania
728 2358 947 2435 Cantabrisque
982 2358 1160 2418 convenisse

164 2446 332 2520 constabat,
356 2445 408 2505 vix
431 2453 539 2520 quarta
560 2452 647 2522 parte
669 2445 791 2520 relicta,
825 2445 921 2503 multa
947 2450 1036 2502 nocte
1067 2463 1100 2502 se
1129 2444 1160 2502 in
1268 2451 1273 2463 ’

163 2538 264 2589 castra
285 2531 410 2607 recepit.

246 2615 386 2675 XXVII.
431 2617 498 2675 Hac
522 2615 625 2674 audita
642 2636 745 2693 pugna
762 2616 892 2674 maxima
903 2636 975 2693 pars
987 2615 1160 2691 Aquitaniae

164 2721 232 2761 sese
256 2701 367 2760 Crasso
390 2701 507 2760 dedidit
529 2701 711 2777 obsidesque
739 2703 818 2761 ultro
845 2703 941 2777 misit,
973 2722 1031 2778 quo
1053 2703 1085 2760 in
1105 2723 1160 2761 nu-

164 2807 245 2846 mero
268 2787 392 2846 fuerunt
415 2788 557 2863 Tarbelli,
580 2788 785 2865 Bigerriones,
798 2789 919 2865 Ptianii,
943 2789 1086 2863 Vocates,
1103 2789 1160 2847 Ta-

163 2880 293 2948 rusates,
327 2874 481 2949 Elusates,
514 2874 617 2948 Getae,
651 2875 762 2956 Ausci,
799 2875 958 2950 Garumni,
993 2874 1160 2949 Sibuzates,

166 2958 338 3018 Cocosates
384 2960 495 3019 Paucae
517 2960 631 3018 ultimae
659 2960 798 3019 nationes
829 2959 899 3018 anni
925 2966 1060 3037 tempore
1091 2980 1160 3018 con-

164 3043 239 3120 fisae,
263 3044 344 3120 quod
365 3045 461 3104 hiems
485 3047 618 3120 suberat,
641 3046 699 3104 hoc
721 3045 824 3104 facere
846 3045 1052 3122 neglexerunt.

248 3131 405 3190 XXVIII.
449 3130 566 3189 Eodem
588 3130 653 3190 fere
674 3138 809 3209 tempore
833 3131 950 3206 Caesar,
980 3129 1038 3189 etsi
1066 3150 1161 3209 prope

165 3222 272 3275 exacta
290 3216 356 3292 jam
378 3224 469 3276 aestas
493 3224 566 3292 erat,
590 3224 701 3293 tamen,
726 3218 806 3293 quod
829 3218 909 3276 omni
932 3216 1031 3276 Gallia
1052 3224 1162 3293 pacata

162 3301 273 3360 Morini
295 3302 487 3381 Menapiique
511 3309 699 3381 supererant,
723 3304 774 3378 qui
800 3304 832 3362 in
860 3303 950 3362 armis
979 3310 1082 3361 essent
1110 3325 1161 3363 ne-

164 3407 223 3463 que
246 3387 285 3446 ad
315 3408 383 3446 eum
411 3409 543 3464 unquam
570 3390 688 3466 legatos
718 3388 756 3448 de
788 3409 863 3467 pace
891 3390 1059 3464 misissent,
1083 3390 1161 3448 arbi-

165 3480 264 3532 tratus
286 3472 318 3531 id
339 3474 453 3532 bellum
476 3475 615 3534 celeriter
645 3473 753 3534 confici
780 3495 888 3553 posse,
914 3495 948 3534 eo
978 3475 1162 3534 excercitum

166 3558 303 3633 adduxit;
329 3560 380 3634 qui
401 3559 491 3637 longe
515 3561 573 3620 alia
601 3562 717 3620 ratione
746 3581 781 3620 ac
808 3560 918 3637 reliqui
941 3561 1021 3620 Galli
1050 3561 1162 3618 bellum

164 3664 270 3721 gerere
304 3653 469 3722 coeperunt.
533 3647 612 3706 Nam
654 3646 736 3723 quod
773 3647 984 3724 intelligebant
1016 3646 1161 3704 maximas

165 3731 311 3805 nationes,
336 3751 403 3806 quae
425 3732 532 3810 proelio
556 3732 792 3808 contendissent,
816 3733 920 3810 pulsas
944 3737 1162 3808 superatasque

166 3835 242 3891 esse,
267 3817 514 3893 continentesque
537 3819 630 3878 silvas
660 3838 695 3877 ac
717 3818 845 3896 paludes
872 3818 1041 3889 habebant,
1071 3836 1105 3875 eo
1129 3837 1162 3877 se

168 3920 281 3977 suaque
312 3903 411 3960 omnia
441 3903 641 3962 contulerunt.
692 3904 743 3961 Ad
773 3924 900 3979 quarum
926 3903 1044 3961 inituim
1072 3903 1162 3963 silva·

165 4007 238 4045 rum.
254 4008 345 4062 quum
369 3987 473 4049 Caesar
490 3990 683 4067 pervenisset
701 3997 862 4064 castraque
880 3988 996 4047 munire
1014 3989 1162 4049 instituis-
