2670 4456
586 234 706 289 LIBER
723 234 777 288 III.
1134 242 1174 300 49

176 431 314 506 navibuS,
349 430 430 507 quod
463 451 569 490 rursus
602 431 757 490 minuente
791 436 868 488 aestu
900 449 995 490 naves
1028 430 1060 488 in
1088 430 1176 490 vadis

178 515 405 577 afflictarentur.
462 518 512 576 Ita
544 524 673 593 utraque
711 537 745 575 16
779 516 958 594 oppidorum
991 518 1175 594 oppugnatio

177 603 408 681 impediebatur;
444 624 480 662 ac
513 603 539 662 si
574 603 693 680 quando
722 602 929 680 magnitudine
962 603 1063 680 operis
1096 601 1175 662 forte

177 690 323 766 superati,
364 697 487 749 extruso
521 690 596 749 mari
629 708 740 767 aggere
773 709 808 747 ac
841 687 970 747 molibus
1004 695 1094 764 atque
1127 689 1175 748 his

177 775 277 853 oppidi
300 776 449 835 moenibus
472 775 650 851 adaequatis,
679 775 742 834 suis
770 773 901 833 fortunis
924 774 1087 851 desperare
1116 796 1175 835 cos-

176 868 291 938 perant,
314 881 423 938 magno
446 882 570 921 nmnero
593 860 716 921 navium
744 860 881 938 appulso,
913 859 1000 935 cujus
1023 862 1067 920 rei
1096 882 1175 921 sum-

174 967 252 1005 mam
274 945 453 1007 facultatem
474 948 636 1021 habebant,
661 967 716 1005 sua
739 947 940 1024 deportabant
962 946 1060 1005 omnia
1082 967 1175 1023 seque

174 1032 205 1089 in
236 1033 374 1109 proxima
407 1033 518 1111 oppida
551 1033 738 1111 recipiebant
745 1053 751 1106 ;
786 1032 828 1090 ibi
862 1051 896 1090 se
928 1050 1034 1090 rursus
1067 1033 1175 1092 iisdem

174 1119 451 1196 opportunitatibus
474 1119 532 1177 loci
549 1118 763 1177 defendebant.
798 1118 874 1176 Haec
897 1137 932 1176 eo
950 1116 1070 1176 facilius
1092 1139 1174 1196 mag·
1235 1174 1238 1179 ,

173 1224 242 1262 nam
263 1212 382 1282 partem
405 1205 521 1264 aestatis
544 1204 708 1279 faciebant,
737 1203 818 1280 quod
840 1211 953 1262 nostrae
981 1224 1077 1264 naves
1099 1211 1174 1264 tem·

173 1292 342 1366 pestatibus
382 1291 595 1350 detinebantur
634 1309 809 1365 summaque
854 1298 919 1348 erat
956 1297 1044 1350 vasto
1084 1297 1174 1366 atque

174 1383 277 1452 aperto
301 1376 385 1452 mari,
415 1377 533 1454 magnis
557 1376 693 1452 aestibus,
716 1376 794 1434 raris
817 1395 852 1434 ac
875 1396 969 1453 prope
991 1375 1083 1435 nullis
1105 1397 1173 1455 por·

172 1461 252 1519 tibus
277 1461 443 1522 difficultas
466 1462 640 1539 navigandi.

256 1547 353 1606 XIII.
398 1548 537 1624 Namque
570 1548 705 1624 ipsorum
738 1547 839 1606 naves¹
868 1547 907 1605 ad
939 1547 1020 1606 hunc
1052 1549 1175 1608 modum

171 1630 261 1691 factae
280 1642 463 1710 armataeque
482 1641 581 1693 erant:
607 1633 717 1691 carinae
741 1631 893 1708 aliquanto
911 1633 1062 1710 planiores
1085 1656 1174 1710 quam

170 1726 341 1778 nostrarum
363 1721 494 1796 navium,
519 1740 577 1795 quo
600 1717 721 1777 facilius
743 1718 823 1777 vada
846 1738 881 1776 ac
901 1718 1060 1777 decessum
1079 1728 1173 1779 aestus
1214 1792 1216 1797 ⁴

172 1805 309 1882 excipere
336 1813 476 1883 possent,
511 1826 610 1883 prorae
645 1804 806 1864 admodum
840 1810 949 1862 erectae
978 1812 1068 1880 atque
1101 1806 1173 1886 116111Ι

170 1910 297 1968 puppes,
321 1891 360 1950 ad
382 1891 621 1969 magnitudinem
649 1889 795 1949 fluctuum
822 1895 1096 1967 tempestatumque
1124 1913 1172 1952 ac-

171 1977 381 2052 commodatae,
416 1997 511 2038 naves
540 1984 613 2037 totae
641 1976 732 2036 factae
767 1997 804 2035 ex
832 1978 940 2035 robore
969 1975 1008 2034 ad
1036 1979 1173 2052 quamvis
1275 1994 1280 2002 '

169 2061 229 2120 vim
252 2069 282 2120 et
305 2065 516 2122 contumeliam
544 2063 769 2142 perferendam
799 2068 933 2120 transtra
954 2062 1114 2139 pedalibus
1141 2065 1173 2122 in

169 2148 358 2208 altitudinem
381 2151 518 2208 trabibus
543 2148 661 2208 confixa
683 2149 778 2208 clavis
806 2146 916 2206 ferreis
945 2147 1032 2224 digiti
1054 2149 1172 2225 pollicis

169 2234 379 2311 crassitudine,
409 2256 527 2294 ancorae
556 2256 611 2313 pro
634 2234 759 2293 funibus
781 2232 891 2292 ferreis
918 2233 1033 2291 catenis
1055 2235 1171 2294 revinc-

168 2323 222 2392 tae;
257 2320 353 2396 pelles
387 2342 441 2398 pro
470 2321 547 2381 velis
576 2321 727 2395 alutaeque
755 2319 886 2377 tenuiter
915 2316 1071 2394 confectae,
1107 2320 1172 2380 sive

167 2412 292 2482 propter
319 2406 372 2464 lini
388 2407 532 2484 ‘inopiam
560 2413 651 2480 atque
680 2405 746 2481 ejus
775 2423 850 2462 usus
878 2403 1076 2480 inscientiam,
1106 2407 1171 2467 sive

169 2510 214 2565 eo,
244 2489 325 2565 quod
347 2498 395 2551 est
416 2493 513 2569 magis
536 2490 709 2566 verisimile,
739 2488 820 2565 quod
847 2494 949 2547 tantas
973 2495 1171 2569 tempestates

168 2575 282 2634 Oceani
309 2584 471 2653 tantosque
499 2579 629 2655 impetus
659 2583 819 2636 ventorum
846 2575 990 2634 sustineri
1024 2596 1058 2635 ac
1086 2584 1171 2638 tanta

168 2682 259 2720 onera
280 2664 403 2723 navium
431 2664 496 2740 regi
524 2663 601 2724 velis
630 2683 691 2721 non
718 2662 793 2721 satis
822 2660 976 2720 commode
1004 2681 1096 2739 posse
1124 2686 1170 2724 ar·

166 2747 365 2807 bitrabantur.
423 2749 499 2808 Cum
526 2750 574 2808 his
602 2749 732 2809 navibus
760 2753 873 2806 nostrae
902 2748 993 2806 classi
1022 2749 1170 2825 ejusmodi

167 2853 349 2910 congressus
379 2843 458 2911 erat,
492 2843 527 2894 ut
560 2856 620 2894 una
654 2835 810 2894 celeritate
844 2839 874 2893 et
901 2833 992 2911 pulsu
1020 2856 1170 2895 remorum

165 2926 335 2996 praestaret,
364 2922 481 2997 reliqua
502 2942 557 2999 pro
586 2922 645 2980 loci
672 2927 790 2996 natura,
819 2939 874 2997 pro
902 2919 933 2977 vi
954 2926 1169 2997 tempestatum

165 3005 225 3062 illis
264 3014 367 3065 essent
400 3008 518 3084 aptiora
558 3015 588 3067 et
626 3005 913 3078 accommodatiora;
953 3025 1051 3080 neque
1091 3007 1169 3065 enim

165 3089 211 3148 his
234 3099 346 3150 nostrae
369 3100 467 3151 rostro
491 3113 600 3152 nocere
622 3098 764 3171 poterant
792 3092 889 3162 (tanta
916 3089 1007 3148 iniis
1031 3099 1096 3150 erat
1117 3091 1167 3151 fir-

164 3175 300 3252 mitudo),
324 3197 422 3254 neque
444 3187 570 3256 propter
592 3179 781 3237 altitudinem
810 3175 900 3236 facile
928 3175 1023 3234 telum
1045 3176 1167 3254 adjicie-

164 3262 254 3320 batur
277 3269 307 3321 et
329 3264 435 3323 eadem
458 3264 496 3323 de
519 3285 610 3323 causa
639 3265 738 3323 minus
767 3262 922 3322 commode
951 3262 1068 3339 copulis
1097 3284 1166 3323 con-

164 3347 346 3407 tinebantur.
391 3350 576 3425 Accedebat,
600 3357 643 3425 ut,
674 3371 765 3425 quum
787 3349 896 3408 saevire
924 3355 1034 3408 ventus
1058 3351 1165 3428 eoepis-

164 3441 211 3491 set
233 3441 264 3492 et
286 3454 319 3492 se
341 3443 432 3495 vento
456 3436 621 3510 dedissent,
651 3443 682 3495 et
709 3441 922 3512 tempestatem
948 3432 1064 3494 ferrent
1091 3434 1165 3495 faoi-

162 3518 220 3577 lius
244 3525 274 3578 et
296 3520 327 3578 111
349 3521 436 3581 vadis
466 3522 668 3581 consisterent
695 3521 790 3580 tutius
820 3529 850 3580 et
878 3521 914 3579 ab
945 3527 1022 3578 aestu
1050 3521 1164 3580 relictae

162 3604 236 3662 nihil
265 3625 339 3664 saxa
367 3613 397 3665 et
425 3616 529 3666 cautes
558 3608 698 3666 timerent
705 3627 711 3682 ;
748 3627 874 3683 quarum
905 3626 1006 3664 rerum
1034 3608 1165 3665 omnium

162 3691 275 3749 nostris
298 3693 427 3752 navibus
451 3713 541 3752 casus
565 3702 631 3752 erat
653 3692 904 3752 extimescendus.

155 3773 158 3779 ’
246 3777 334 3837 XIV.
382 3777 593 3855 Compluribus
624 3779 803 3856 expugnatis
833 3775 951 3855 oppidis
982 3774 1084 3834 Caesar
1111 3778 1164 3836 ubi

162 3860 312 3921 intellexit
339 3863 454 3922 frustra
482 3871 600 3923 tantum
630 3865 764 3923 laborem
799 3863 875 3922 sumi
904 3881 1003 3936 neque
1031 3861 1164 3922 hostium

161 3944 265 4023 fugam
292 3951 389 4027 captis
418 3950 537 4028 oppidis
570 3951 693 4027 reprimi
726 3969 823 4025 neque
856 3948 893 4007 iis
926 3947 1029 4006 noceri
1061 3968 1162 4026 posse,
