2670 4456
162 244 200 301 16
476 234 529 288 DE
547 232 674 288 BELLO
694 233 874 289 GALLIOO.

161 431 294 509 puloque
327 430 464 488 Romano
499 429 540 488 sit
574 428 687 502 auxilii,
723 429 862 488 omnibus
893 428 989 488 Gallis
1018 428 1098 489 idem
1127 448 1196 489 esse

162 515 347 590 faciendum,
382 515 464 591 quod
497 514 634 575 Helvetii
667 513 812 588 fecerint,
847 520 881 573 ut
915 513 1002 573 domo
1037 515 1195 591 emigrent,

164 600 247 661 aliud
269 601 463 675 domicilium,
493 600 569 660 alias
599 600 688 660 sedes
710 607 843 659 remotas
867 621 885 658 a
908 599 1068 660 Germanis
1090 608 1198 678 petant

162 687 386 763 fortmramque,
422 705 611 762 quaecunque
639 685 768 759 accidat,
803 685 1007 763 experiantur.
1063 687 1141 745 Haec
1172 688 1198 745 si

165 772 321 832 enuntiata
343 772 500 831 Ariovisto
524 772 594 846 sint,
629 790 690 831 non
719 770 868 846 dubitare,
900 772 973 847 quin
996 771 1034 830 de
1057 772 1197 832 omuibus

164 857 332 932 obsidibus,
367 859 419 933 qui
453 857 535 936 apud
569 877 638 917 eum
672 857 747 931 sint,
781 857 981 934 gravisimum
1015 858 1197 936 supplicium

164 951 272 1002 sumat.
336 942 488 1004 Caesarem
521 944 571 1004 vel
605 943 785 1002 auctoritate
820 962 876 1001 sua
910 950 1001 1018 atque
1035 944 1196 1018 exercitus,

163 1029 212 1087 vel
234 1029 350 1088 recenti
373 1029 509 1103 victoria,
542 1029 593 1089 vel
620 1028 740 1089 nomine
762 1028 868 1106 populi
890 1028 1021 1088 Romani
1043 1028 1198 1089 deterrere

163 1134 270 1192 posse,
310 1135 348 1174 ne
382 1114 480 1191 major
513 1114 674 1174 multitudo
710 1114 930 1172 Germanorum
962 1113 1104 1173 Rhenum
1137 1123 1198 1175 tra·

164 1199 302 1273 ducatur,
338 1200 529 1275 Galliamque
563 1220 683 1260 omnem
716 1201 754 1258 ab
784 1199 932 1261 Ariovisti
964 1200 1075 1276 injuria
1105 1220 1198 1278 posse

164 1285 339 1344 defendere.
1090 1287 1094 1297 '

250 1371 393 1430 XXXII.
450 1371 518 1430 Hac
547 1372 682 1430 oratione
712 1371 749 1430 ab
772 1370 925 1430 Divitiaeo
955 1371 1059 1430 habita
1083 1391 1198 1446 omnes,

167 1458 218 1532 qui
253 1455 396 1531 aderant,
437 1477 546 1534 magno
588 1455 663 1516 fletu
703 1456 848 1516 auxilium
882 1476 900 1515 a
934 1455 1055 1517 Caesare
1094 1464 1198 1535 petere

169 1549 335 1619 coeperunt.
392 1543 618 1603 Animadvertit
652 1542 756 1602 Oaesar
788 1561 866 1601 unos
901 1562 938 1601 ex
972 1543 1111 1601 omnibus
1146 1543 1199 1602 Se-

167 1646 283 1702 quanos
312 1628 386 1687 nihil
415 1648 519 1688 earum
546 1648 648 1688 rerum
676 1627 787 1702 facere,
823 1647 900 1704 quas
929 1628 1022 1687 ceteri
1051 1627 1198 1703 facerent,

166 1713 221 1772 sed
255 1714 359 1774 tristes
395 1715 495 1793 capite
533 1714 666 1775 demisso
707 1722 820 1773 terram
853 1713 973 1772 intueri.
1037 1713 1115 1790 Ejus
1156 1715 1201 1773 rei

167 1819 234 1873 quae
269 1818 361 1859 causa
395 1808 485 1875 esset,
520 1801 648 1859 miratus
683 1820 720 1859 ex
747 1799 823 1876 ipsis
852 1799 981 1874 quaesiit.
1038 1799 1122 1858 Nihil
1147 1799 1199 1859 Se·

167 1885 258 1959 quani
291 1886 485 1964 respondere,
521 1885 576 1944 sed
608 1886 639 1943 in
673 1884 779 1944 eadem
812 1884 937 1943 tristitia
965 1885 1052 1944 taciti
1081 1905 1199 1963 perma-

166 1987 247 2029 nere.
306 1970 406 2042 Quum
439 1973 477 2031 ab
507 1971 545 2030 iis
576 1971 688 2048 saepius
720 1978 871 2045 quaereret
899 1989 997 2045 neque
1020 1971 1115 2030 ullam
1138 1992 1199 2030 om-

165 2055 235 2113 nino
263 2075 370 2115 vocem
402 2056 571 2134 exprimere
599 2062 713 2134 posset,
748 2054 829 2114 idem
857 2055 1031 2116 Divitiacus
1061 2056 1200 2116 Haeduus

165 2141 337 2218 respondit:
382 2142 450 2202 Hoc
490 2161 558 2202 esse
598 2142 784 2202 miseriorem
825 2149 854 2200 et
893 2142 1065 2218 graviorem
1104 2141 1200 2202 fortu-

165 2245 236 2284 nam
270 2225 480 2302 Sequanorum
520 2247 611 2303 quam
655 2227 856 2302 reliquorum,
892 2227 973 2302 quod
1008 2228 1063 2287 soli
1098 2249 1135 2287 ne
1169 2230 1200 2287 in

169 2312 286 2371 occulto
333 2314 454 2389 quidem
499 2315 585 2390 queri
624 2333 723 2390 neque
763 2313 907 2371 auxilium
947 2313 1108 2391 implorare
1148 2335 1199 2373 au-

168 2396 275 2457 derent
324 2400 520 2477 absentisque
564 2399 712 2460 Ariovisti
763 2397 988 2473 crudelitatem,
1039 2399 1124 2458 velut
1174 2401 1199 2457 si

167 2502 268 2541 coram
318 2485 454 2560 adesset,
505 2485 678 2561 horrerent,
730 2491 892 2562 propterea
943 2483 1025 2560 quod
1074 2485 1199 2561 reliquis

167 2573 269 2626 tamen
302 2568 385 2648 fugae
420 2570 552 2630 facultas
588 2571 727 2643 daretur,
763 2570 912 2645 Sequanis
946 2589 1035 2644 vero,
1071 2573 1122 2646 qui
1154 2573 1199 2630 in-

167 2659 215 2709 tra
247 2650 324 2712 fines
358 2675 430 2714 suos
463 2656 653 2727 Ariovistum
685 2655 889 2732 recepissent,
926 2674 1054 2729 quorum
1088 2657 1200 2732 oppida

167 2737 267 2795 omnia
299 2740 330 2797 in
360 2747 512 2818 potestate
540 2740 609 2817 ejus
636 2747 748 2809 essent,
784 2757 888 2797 omnes
920 2738 1072 2798 cruciatus
1096 2753 1200 2801 essent

166 2821 351 2899 perferendi.

252 2908 414 2970 XXXIII.
459 2910 518 2970 His
545 2912 638 2970 rebus
669 2910 798 2987 cognitis
823 2907 927 2968 Caesar
952 2908 1108 2969 Gallorum
1137 2915 1199 2972 ani-

167 3012 231 3053 mos
265 2996 369 3055 verbis
403 2995 594 3056 confirmavit
626 2995 843 3074 pollicitusque
872 3002 919 3053 est
950 2995 1008 3053 sibi
1038 3016 1104 3055 eam
1135 3019 1198 3058 rem

167 3097 248 3138 ermae
282 3080 430 3155 futuram;
471 3101 612 3159 magnam
651 3101 684 3140 se
723 3080 835 3139 habere
869 3099 955 3158 spem
989 3088 1019 3140 et
1051 3083 1198 3143 beneficio

167 3182 221 3223 suo
256 3173 286 3224 et
320 3168 502 3227 auctoritate
535 3167 701 3227 adductum
727 3166 916 3225 Ariovistum
955 3165 1046 3226 finem
1079 3169 1198 3246 injuriis

166 3248 328 3310 facturum.
385 3254 453 3312 Hac
488 3254 623 3313 oratione
656 3253 762 3312 habita
795 3252 954 3311 concilium
985 3252 1106 3313 dimisit.
1158 3256 1199 3314 Et

168 3336 335 3395 secundum
369 3357 405 3396 ea
437 3339 541 3398 multae
575 3358 625 3398 res
660 3358 728 3397 eum
761 3336 976 3410 hortabantur,
1013 3359 1106 3414 quare
1141 3342 1199 3400 sibi

167 3439 234 3479 eam
262 3441 326 3480 rem
356 3423 550 3501 cogitandam
580 3432 610 3483 et
637 3422 863 3501 suscipiendam
885 3429 1016 3499 putaret,
1052 3425 1198 3503 imprimis

168 3506 249 3580 quod
277 3508 425 3585 Haeduos,
460 3509 573 3571 fratres
607 3508 909 3586 consanguineosque
944 3510 1151 3587 saepenumero
1182 3536 1198 3572 a

167 3600 275 3651 senatu
303 3595 483 3672 appellatos,
517 3597 548 3654 in
576 3594 725 3656 servitute
754 3600 846 3669 atque
874 3594 906 3651 in
934 3594 1052 3655 dicione
1074 3597 1198 3658 videbat

167 3677 387 3739 Germanorum
414 3681 521 3755 teneri,
556 3699 719 3756 eorumque
754 3679 876 3739 obsides
908 3699 976 3740 esse
1006 3681 1088 3759 apud
1106 3684 1198 3743 Ario·

166 3763 280 3823 vietum
310 3785 345 3825 ac
369 3765 526 3842 Sequanos
549 3766 754 3844 intelligebat,
791 3764 872 3840 quod
899 3766 931 3824 in
959 3774 1043 3825 tanto
1072 3768 1197 3845 imperio

167 3849 270 3925 populi
304 3851 435 3910 Romani
473 3852 684 3930 turpissimum
723 3850 782 3909 sibi
824 3858 855 3909 et
888 3851 932 3909 rei
964 3851 1095 3928 publicae
1130 3875 1198 3916 esse

167 3934 380 3995 arbitrabatur.
447 3937 598 3997 Paulatim
643 3944 744 3997 autem
786 3935 955 3996 Germanos
1000 3956 1198 4014 consvescere
