2670 4456
535 279 655 334 LIBER
674 280 739 334 VII.
1090 290 1150 347 133

235 472 371 533 XXXV.
408 475 508 546 Quum
530 483 657 551 uterque
680 476 801 551 utrique
830 485 913 534 esset
944 477 1095 536 exercitus
1123 478 1155 535 in

152 567 317 636 conspectu
340 558 465 635 fereque
489 580 505 620 e
528 561 652 638 regione
676 562 786 620 cestrie
810 569 912 620 castra
931 568 1068 640 poneret,
1093 562 1155 621 dis·

150 644 260 722 positis
283 645 536 722 exploratoribus
559 647 671 704 necubi
694 644 805 706 effecto
834 654 927 725 ponte
950 647 1082 707 Romani
1105 669 1154 707 co-

150 729 218 807 pias
241 729 447 805 traducerent,
478 739 543 790 erat
571 732 602 790 in
630 733 750 808 magnis
775 731 890 792 Oeesari
920 732 1155 793 difficultatibus

152 834 212 889 ree,
235 835 274 874 ne
307 816 454 893 majorem
488 817 605 876 aestatis
638 825 758 895 partem
790 817 914 876 flumine
947 819 1154 897 impediretur,

152 900 233 976 quod
254 921 315 960 non
339 900 405 961 fere
429 910 498 961 ante
522 911 699 962 autumnum
721 904 834 963 Elaver
855 903 935 963 vado
958 907 1082 964 transiri
1106 925 1153 964 so-

152 986 205 1045 let.
250 987 372 1062 Itaque,
396 1008 435 1046 ne
457 987 489 1045 id
513 988 676 1063 accideret,
706 989 841 1048 silvestri
874 989 940 1048 loco
970 991 1079 1049 castris
1102 1011 1156 1068 po·
1238 1057 1243 1063 ,

152 1071 219 1130 sitis
242 1092 259 1131 e
281 1073 405 1150 regione
428 1074 517 1132 unius
542 1093 645 1133 eorum
667 1075 820 1151 pontium,
851 1094 927 1150 quos
956 1075 1155 1152 Vercingeto-

151 1156 198 1216 rix
220 1158 440 1218 rescindendos
463 1168 633 1234 curaverat,
657 1168 781 1238 postero
805 1160 854 1218 die
878 1181 947 1219 curn
971 1161 1090 1220 duabus
1112 1162 1156 1221 le-

151 1243 293 1320 gionibus
317 1245 348 1302 in
371 1245 490 1304 occulto
513 1246 641 1318 restitit,
666 1246 799 1321 reliquas
830 1247 933 1322 copias
963 1267 1032 1305 cum
1061 1247 1156 1305 omni·

151 1330 209 1388 bue
243 1329 480 1407 impedimentis,
516 1339 550 1389 ut
584 1341 762 1406 conoverat,
797 1332 879 1390 misit
913 1333 998 1392 cavis
1032 1333 1156 1407 quibus·

152 1413 222 1473 dam
246 1416 432 1490 cohortibus,
456 1417 500 1474 uti
523 1436 666 1476 numerus
688 1417 841 1494 legionum
870 1426 1010 1478 constare
1038 1417 1156 1478 videre-

151 1507 211 1558 tur.
266 1500 341 1576 His,
378 1522 468 1577 quam
502 1502 680 1579 longissime
712 1510 849 1580 possent,
884 1504 1026 1581 progredi
1058 1504 1156 1581 jussis

153 1605 245 1660 quum
263 1586 329 1663 jam
352 1607 390 1646 ex
412 1587 473 1646 diei
495 1594 631 1666 tempore
656 1589 862 1664 conjecturam
896 1595 1019 1666 caperet
1046 1590 1078 1648 in
1108 1609 1156 1647 ca·

153 1679 218 1730 stra
240 1680 430 1750 perventum,
465 1672 574 1733 iisdem
608 1673 744 1747 sublicis,
780 1693 908 1749 quarum
935 1694 1008 1751 pars
1030 1675 1157 1732 inferior

154 1758 273 1834 integra
307 1760 498 1834 remanebat,
533 1767 657 1837 pontem
690 1759 815 1818 reficere
850 1760 951 1836 coepit.
1009 1758 1181 1818 Celeriter

155 1841 265 1902 effecto
290 1864 381 1921 opere
405 1845 653 1921 legionisbusque
675 1845 825 1903 traductis
849 1845 957 1904 etloco
971 1845 1156 1904 castrisido-

152 1947 209 1988 neo
244 1929 361 1988 delecto
395 1930 529 2005 reliquas
564 1931 668 2007 copias
702 1931 868 1991 revocavit.
921 1931 1155 2008 Vercingetorix

153 2034 186 2072 re
210 2016 402 2092 cognitane
426 2023 532 2074 contra
560 2036 646 2075 suam
674 2017 863 2076 voluntatem
892 2016 1036 2075 dimicare
1069 2038 1156 2092 coge-

153 2107 245 2175 retur,
269 2102 388 2177 magnis
410 2101 569 2160 itineribus
593 2104 767 2161 antecessit¹

239 2186 394 2246 XXXVI.
442 2186 546 2246 Caesar
569 2208 605 2246 ex
631 2208 666 2245 eo
690 2188 755 2246 loeo
780 2188 893 2262 quintis
917 2189 1027 2246 eastris
1041 2187 1157 2263 Gergo-

156 2272 235 2330 viam
264 2272 414 2348 pervenit,
450 2273 646 2347 equestrique
680 2292 715 2330 eo
751 2273 799 2331 die
833 2272 940 2350 proelio
974 2272 1035 2332 levi
1063 2271 1157 2346 facto,

155 2364 316 2434 perspecto
340 2358 424 2416 urbis
448 2358 519 2433 sito,
543 2377 610 2432 quae
633 2358 735 2434 posita
756 2358 787 2415 in
811 2358 958 2416 altissimo
981 2365 1083 2416 monte
1096 2378 1157 2415 om-

155 2461 210 2501 nes
234 2442 334 2501 aditus
364 2442 505 2502 difficiles
534 2444 676 2516 habebat,
707 2442 744 2501 de
761 2443 987 2520 oppugnatione
1016 2442 1158 2519 despera-

155 2528 209 2602 vit,
233 2527 271 2586 de
294 2529 470 2588 obsessione
493 2549 553 2587 nou
575 2530 661 2606 prius
683 2528 835 2604 agendum
863 2529 1037 2602 constituit,
1067 2548 1159 2603 quam

155 2632 220 2671 rem
243 2612 474 2673 frumentariam
497 2615 681 2692 expedisset.
727 2614 771 2672 At
791 2614 1024 2690 Vercingetorix
1048 2615 1159 2674 castris

155 2718 250 2777 prope
285 2699 429 2777 oppidum
462 2701 494 2758 in
527 2708 629 2760 monte
663 2700 771 2776 positis
804 2699 1009 2783 mediocribus
1046 2701 1160 2759 circum

73 2798 76 2804 '
157 2803 190 2843 se
212 2784 381 2845 intervallis
402 2787 567 2863 separatim
590 2785 778 2862 singularum
794 2785 952 2848 civitatum
976 2787 1080 2863 copias
1099 2788 1159 2845 ool-

155 2869 311 2930 locaverat
333 2878 425 2946 atque
459 2873 599 2930 omnibus
633 2871 700 2948 ejus
731 2871 800 2949 jugi
834 2872 963 2931 collibus
992 2873 1158 2949 occupatis,

157 2974 217 3030 qua
229 2955 345 3033 despici
367 2964 497 3034 poterat,
521 2957 696 3016 horribilem
719 2957 852 3034 speciem
880 2957 1048 3034 praebebat,
1077 2958 1160 3034 prin-

120 3090 124 3097 .
157 3040 302 3118 cipesque
326 3061 430 3100 earum
459 3044 626 3117 civitatum,
661 3062 738 3117 quos
767 3043 826 3101 sibi
855 3041 894 3100 ad
911 3042 1081 3100 vconsilium
1104 3040 1158 3100 ''ce-

156 3126 300 3202 piendum
323 3127 488 3204 delegerat,
513 3129 611 3205 prima
632 3128 701 3186 luce
724 3126 859 3203 quotidie
883 3126 922 3184 ad
945 3146 978 3186 se
997 3129 1159 3188 convenire

155 3209 294 3287 jubebat,
325 3232 380 3271 seu
409 3214 482 3288 quid
511 3212 808 3287 communicandum,
844 3232 899 3272 seu
933 3213 1006 3287 quid
1034 3211 1159 3272 'admini-

157 3296 315 3355 strandum
337 3297 508 3373 videretur,
537 3318 635 3374 neque
664 3298 759 3356 ullum
786 3297 852 3356 fere
876 3297 956 3357 diem
978 3300 1159 3358 intermitte-

157 3382 221 3456 bat,
246 3383 319 3457 quin
341 3385 475 3459 equestri
499 3385 605 3462 proelio
628 3383 799 3459 interjectis
822 3378 1007 3461 sagittariis,
1027 3385 1101 3460 quid
1128 3386 1160 3442 in

158 3486 278 3543 quoque
307 3476 390 3527 esset
419 3471 510 3528 animi
539 3490 574 3528 ac
603 3470 725 3529 virtutis
755 3489 892 3545 suorum,
923 3471 1158 3547 periclitaretur.

157 3551 234 3610 Erat
257 3573 273 3611 e
295 3554 419 3631 regione
438 3554 539 3633 oppidi
562 3555 648 3614 collis
676 3556 733 3613 sub
763 3555 839 3632 ipsis
866 3556 1021 3614 radicibus
1048 3555 1160 3612 montis

158 3638 280 3714 egregie
302 3640 436 3699 munitus
459 3648 551 3716 atque
575 3660 612 3699 ex
635 3641 813 3718 omniparte
833 3642 1045 3713 circumcisus3
1071 3659 1160 3714 quem

158 3723 185 3781 si
206 3730 347 3783 tenerent
368 3726 474 3801 nostri,
499 3734 530 3784 et
551 3745 639 3801 aquae
662 3745 772 3802 magna
794 3733 882 3804 parte
905 3732 935 3784 et
964 3724 1160 3801 pabulatione

158 3807 254 3867 libera
275 3809 457 3887 prohibituri
478 3811 584 3871 hostes
606 3810 805 3884 videbantur3
831 3811 886 3870 sed
913 3811 940 3868 is
968 3811 1054 3868 locus
1081 3829 1160 3887 pree·

159 3893 236 3951 sidio
260 3895 298 3952 ab
321 3895 369 3952 his
390 3916 452 3953 non
473 3896 563 3955 nimis
591 3895 676 3955 firmo
705 3897 878 3968 tenebatur;
909 3902 1012 3953 tamen
1040 3895 1160 3953 silentio

159 3979 258 4037 noctis
283 3978 387 4039 Caesar
410 3982 570 4040 excestria
589 4001 742 4058 egressus,
765 3983 943 4059 priusquam
966 3980 1102 4039 subsidio
1121 4000 1158 4038 ex
