2670 4456
160 258 221 314 128
460 249 512 302 DE
531 248 658 302 BELLO
678 248 847 303 GALLIGO

159 446 218 503 bus
241 443 410 504 intervallis
433 443 582 502 distantes
612 444 691 502 inter
720 463 753 502 se
776 445 864 502 binos
893 444 1004 521 pedes,
1040 445 1072 502 in
1095 445 1162 504 solo

161 530 360 603 collocantur,
384 530 431 588 hae
455 529 662 588 revinciuntur
691 530 842 587 introrsus
872 537 903 587 et
931 529 1027 588 multo
1047 549 1161 608 aggere

160 616 342 675 vestiuntur.
388 616 434 674 Ea
457 622 567 688 autem,
592 635 660 689 quae
684 615 824 689 diximus,
848 615 1010 674 intervalla
1037 615 1162 692 grandi·

160 702 218 759 bus
241 701 272 758 in
294 699 395 759 fronte
418 701 500 759 saxis
524 699 731 759 effarciuntur.
776 700 835 757 His
865 701 1021 758 collocatis
1051 709 1082 759 et
1112 721 1163 760 cc-

162 787 343 862 agmentatis
367 787 444 844 alius
467 786 591 863 insuper
614 785 687 843 ordo
711 784 843 860 additur,
867 792 901 844 ut
930 786 1011 844 idem
1028 787 1104 845 illud
1117 787 1163 845 in-

161 872 324 930 tervallum
354 879 509 944 servetur,
539 891 637 946 neque
665 871 745 929 inter
774 890 807 928 se
837 871 1016 948 contingant
1042 873 1162 945 trabes,

162 957 216 1015 sed
244 957 370 1034 paribus
398 957 581 1015 intermissae
610 956 718 1034 spatiis
754 956 882 1033 singulae
918 957 1046 1033 singulis
1078 959 1163 1016 saxis

160 1042 328 1118 interjectis
358 1050 422 1101 arte
445 1043 664 1101 contineantur.
722 1041 772 1100 Sic
800 1041 944 1119 deinceps
974 1062 1061 1101 omne
1085 1063 1163 1120 opus

162 1128 340 1202 contexitur,
376 1128 447 1186 dum
476 1127 562 1202 justa
595 1128 674 1185 muri
707 1126 834 1185 altitudo
870 1128 1036 1204 expleatur.
1093 1129 1164 1187 Hoc

162 1233 254 1288 quum
275 1214 307 1270 in
330 1214 463 1290 speciem
485 1213 726 1287 varietatemque
754 1231 830 1289 opus
859 1212 994 1271 deforme
1024 1233 1086 1271 non
1117 1220 1166 1272 est

162 1299 286 1357 alternis
309 1299 448 1357 trabibus
472 1318 507 1356 ac
531 1298 622 1372 saxis,
646 1318 715 1373 quae
736 1298 830 1356 rectis
858 1298 947 1356 lineis
979 1317 1050 1356 suos
1081 1299 1163 1357 ordi-

161 1404 216 1442 nes
240 1392 372 1457 servant3
396 1391 461 1442 tum
491 1383 530 1441 ad
558 1384 719 1442 utilitatem
747 1391 778 1442 et
808 1381 1015 1444 defensionem
1042 1384 1166 1442 urbium

163 1488 310 1527 summam
331 1470 425 1527 habet
448 1470 714 1546 opportunitatem,
739 1468 820 1543 quod
843 1476 874 1527 et
898 1470 935 1527 ab
954 1469 1095 1528 incendio
1119 1469 1163 1528 la·

161 1554 209 1631 pis
233 1561 264 1612 et
286 1556 323 1612 ab
348 1555 441 1613 ariete
464 1555 591 1613 materia
613 1553 758 1629 defendit,
782 1574 850 1629 quae
881 1555 1037 1632 perpetuis
1067 1554 1163 1613 trabi-

161 1641 219 1698 bus
252 1640 347 1716 pedes
382 1640 595 1716 quadragenos
629 1641 806 1717 plerumque
840 1640 991 1699 introrsus
1024 1641 1166 1701 revincta

161 1745 261 1800 neque
283 1727 439 1803 perrumpi
460 1746 560 1800 neque
583 1725 712 1784 distrahi
734 1731 845 1802 potest.

247 1811 369 1871 XXIV.
404 1812 461 1869 His
485 1819 531 1870 tot
552 1813 644 1869 rebus
666 1810 814 1887 impedita
837 1811 1063 1888 oppugnatione
1085 1811 1165 1869 mili·

70 1940 73 1947 .
161 1903 209 1954 tes
232 1915 325 1970 quum
347 1904 410 1956 toto
434 1903 570 1974 tempore
592 1895 706 1973 frigore
729 1903 760 1954 et
782 1895 914 1954 assiduis
936 1897 1085 1955 imbribus
1102 1904 1165 1956 tar-

163 1979 317 2056 darentur,
341 1990 443 2040 tamen
466 1982 632 2041 continenti
655 1982 758 2040 labore
781 1983 880 2039 omnia
903 1982 969 2040 haec
1000 2001 1166 2059 superave-

163 2072 234 2124 runt
256 2072 287 2124 et
309 2066 417 2129 diebus
429 2067 523 2125 XXV
547 2088 697 2143 aggerem,
720 2067 845 2144 longum
862 2067 957 2144 pedes
977 2066 1163 2142 CCCXXX,

163 2151 257 2209 altum
279 2152 373 2229 pedes
396 2152 531 2227 LXXX,
555 2159 761 2211 extruxerunt.
798 2152 897 2223 Quum
918 2154 945 2211 is
968 2172 1088 2210 murum
1109 2153 1164 2211 ho-

164 2237 254 2295 stium
276 2258 364 2314 paene
387 2238 577 2315 contingeret
600 2244 630 2296 et
654 2238 758 2297 Gaesar
775 2237 814 2296 ad
838 2257 915 2316 opus
943 2237 1164 2297 consvetudine

164 2325 329 2382 excubaret
361 2324 534 2399 militesque
557 2325 739 2398 hortaretur,
767 2343 806 2383 ne
836 2323 916 2397 quod
946 2323 1065 2382 omnino
1088 2330 1164 2383 tem-

164 2428 222 2485 pus
245 2411 282 2467 ab
307 2430 398 2486 opere
426 2410 691 2484 intermitteretur,
721 2409 811 2486 paulo
842 2415 912 2467 ante
943 2409 1065 2468 tertiam
1087 2408 1165 2486 vigi-

164 2493 235 2551 liam
258 2501 306 2552 est
328 2494 572 2554 animadversum
594 2494 712 2553 fumare
735 2513 891 2571 aggerem,
921 2514 1011 2570 quem
1040 2494 1164 2553 cunicu-

163 2578 193 2636 lo
226 2578 331 2638 hostes
365 2580 596 2656 succenderant,
631 2581 797 2655 eodemque
826 2586 964 2658 tempore
991 2586 1054 2638 toto
1078 2599 1164 2638 muro

165 2663 295 2722 clamore
319 2666 438 2724 sublato
462 2665 581 2724 duabus
603 2665 700 2743 portis
719 2666 756 2724 ab
774 2671 903 2741 utroque
920 2665 1016 2724 latere
1036 2665 1166 2724 turrium

98 2758 101 2764 '
166 2749 282 2826 eruptio
317 2749 420 2808 fiebat.
472 2751 534 2808 Alii
562 2749 647 2809 faces
677 2757 767 2827 atque
796 2750 912 2809 aridam
939 2750 1096 2810 materiem
1126 2750 1165 2809 de

164 2853 249 2892 muro
273 2834 304 2892 in
332 2854 475 2912 aggerem
503 2835 620 2894 eminus
639 2835 810 2913 jaciebant,
838 2836 938 2914 picem
970 2836 1166 2912 reliquasque

164 2938 223 2994 res,
258 2920 368 2995 quibus
400 2920 481 2997 ignis
515 2920 641 2980 excitari
673 2928 785 2998 potest,
819 2919 996 2994 fundebant,
1031 2927 1074 2997 ut,
1105 2941 1165 2997 quo

165 3005 294 3080 primum
317 3013 528 3066 occurreretur
550 3013 603 3065 aut
626 3006 674 3066 cui
696 3007 741 3065 rei
769 3004 902 3064 ferretur
924 3005 1084 3080 auxilium,
1112 3007 1168 3066 vix

164 3090 241 3148 ratio
263 3091 333 3149 iniri
354 3100 468 3169 posset.
513 3091 637 3167 Tamen,
662 3091 743 3168 quod
765 3091 904 3150 instituto
931 3091 1063 3150 (lassaris
1087 3110 1166 3150 sem-

166 3194 221 3251 per
243 3174 311 3234 duae
334 3177 470 3253 legiones
493 3197 548 3255 pro
572 3177 682 3236 castris
705 3178 897 3236 excubabant
918 3177 1083 3255 pluresque
1094 3197 1166 3254 par-

165 3259 230 3318 titis
252 3263 440 3338 temporibus
463 3271 550 3322 erant
570 3263 602 3322 in
625 3281 726 3340 opere,
750 3262 890 3324 celeriter
911 3260 1027 3321 factum
1049 3269 1107 3337 est,
1133 3269 1168 3320 ut

166 3344 217 3402 alii
239 3347 448 3423 eruptionibus
470 3349 658 3423 resisterent,
682 3347 733 3406 alii
751 3353 852 3406 turres
874 3347 1056 3407 reducerent
1073 3367 1166 3424 agge·

164 3449 289 3504 remque
311 3431 573 3509 interscinderent,
597 3433 693 3492 omnis
715 3452 788 3492 vero
812 3451 848 3491 ex
872 3432 981 3492 castris
1003 3432 1168 3491 multitudo

166 3514 206 3573 ad
227 3517 479 3594 restinguendum
502 3526 704 3578 concurreret.

251 3601 354 3662 XXV.
391 3603 490 3674 Quum
511 3605 543 3662 in
566 3605 706 3663 omnibus
727 3601 804 3661 locis
827 3608 1018 3681 comsumpta
1036 3601 1102 3679 jam
1119 3621 1167 3662 re·

166 3684 249 3762 liqua
270 3696 357 3766 parte
379 3690 478 3747 noctis
501 3695 689 3766 pugnaretur
718 3707 897 3766 semperque
926 3688 1066 3747 hostibus
1095 3706 1168 3766 spes

166 3771 302 3832 victoriae
325 3773 594 3850 redintegraretur,
607 3782 654 3832 'eo
676 3773 785 3850 magis,
809 3773 891 3849 quod
908 3772 1036 3832 deustos
1046 3773 1168 3850 pluteos

166 3857 296 3915 turrium
317 3859 473 3934 videbant,
496 3879 552 3917 nec
575 3858 666 3918 facile
689 3857 773 3917 adire
801 3865 923 3936 apertos
952 3858 991 3917 ad
1020 3857 1167 3918 auxilian-

168 3940 239 4002 dum
262 3942 553 4019 animadvertebant,
576 3962 756 4022 semperque
776 3943 837 4021 ipsi
864 3951 1004 4003 recentes
1035 3942 1168 4004 defessis
