2670 4456
166 255 206 312 66
456 243 509 297 oa
527 240 655 296 annno
675 240 853 297 aninmo

164 439 304 499 barbaris
328 439 514 498 comittere
536 457 597 495 non
621 438 755 513 auderet,
785 437 889 512 quinto
920 436 968 496 die
998 437 1037 496 ad
1066 437 1166 498 Caesa·

164 547 228 586 rem
251 524 424 600 revertitur,
448 541 577 598 quaeque
599 523 643 582 ibi
664 523 883 601 perspexisset,
906 523 1068 582 renuntiat.

250 611 360 669 XXII.
405 609 488 667 Dum
510 609 541 667 in
562 609 610 667 his
632 609 707 668 locis
732 608 835 668 Caesar
864 608 988 668 navium
1016 609 1167 687 paranda-

165 718 231 756 rum
255 716 348 755 oausa
369 702 513 768 moratur,
538 714 574 753 ex
596 715 707 771 magna
729 700 816 772 parte
827 694 1015 753 Morinorum
1038 695 1168 754 adeum

164 782 258 860 legati
291 786 448 854 venerunt,
478 780 530 855 qui
558 799 591 838 se
620 780 659 838 de
682 779 847 857 superioris
870 780 1016 858 temporis
1040 781 1167 840 consilio

166 874 354 942 excusarent,
378 865 460 941 quod
488 865 624 925 homines
651 866 774 924 barbari
803 871 833 924 et
861 873 975 924 nostrae
1005 874 1168 927 consuetu·
1192 941 1195 944 ‚

166 953 245 1013 dinis
267 952 400 1030 imperiti
427 951 541 1011 bellum
568 951 681 1029 populo
710 951 849 1010 Romano
877 950 1039 1025 fecissent,
1074 971 1168 1028 seque

166 1060 209 1115 ea,
245 1057 311 1115 quae
345 1038 535 1115 imperasset,
570 1035 707 1095 facturos
739 1037 964 1113 pollicerentur.
1017 1039 1086 1096 Hoc
1109 1038 1168 1096 sibi

167 1123 271 1183 Caesar
293 1123 369 1182 satis
392 1128 561 1201 opportune
585 1122 734 1181 accidisse
757 1121 933 1197 arbitratus,
964 1123 1046 1197 quod
1067 1142 1167 1198 neque

164 1217 235 1288 post
272 1216 392 1286 tergum
429 1208 549 1266 hostem
580 1207 752 1282 relinquere
784 1208 923 1283 volebat,
963 1228 1061 1284 neque
1095 1209 1169 1268 belli

164 1295 290 1372 gerendi
310 1299 436 1372 propter
458 1293 529 1351 anni
551 1300 670 1370 tempus
698 1292 876 1352 facultatem
897 1293 1031 1352 habebat
1068 1314 1167 1369 neque

164 1381 220 1440 has
243 1380 430 1438 tantularum
450 1399 552 1437 rerum
575 1379 790 1457 occupationes
814 1378 874 1436 sibi
891 1378 1059 1438 Britanniae
1083 1387 1167 1439 ante·

164 1465 321 1543 ponendas
340 1465 509 1541 judicabat,
532 1484 675 1540 magnum
696 1464 734 1523 iis
757 1484 914 1522 numerum
944 1465 1085 1524 obsidum
1112 1466 1166 1524 im·

164 1557 259 1628 perat.
305 1551 424 1622 Quibus
448 1550 588 1608 adductis
611 1570 663 1608 eos
685 1548 829 1608 infidam
851 1550 976 1627 recepit.
1027 1550 1166 1611 Navibus

85 1706 88 1711 ¹
165 1637 287 1695 circiter
319 1635 445 1694 LXXX
483 1634 629 1694 onerariis
664 1635 778 1694 coactis
817 1636 1058 1711 constratisque,
1094 1644 1167 1713 quot

165 1723 240 1781 satis
264 1741 332 1780 esse
356 1721 395 1779 ad
418 1721 494 1780 duas
522 1720 775 1798 transportandas
802 1720 940 1797 legiones
963 1721 1165 1797 existimabat,

165 1807 247 1883 quod
268 1814 418 1885 praeterea
439 1807 563 1866 navium
584 1807 743 1883 longarum
771 1806 914 1881 habebat,
945 1808 1100 1882 quaestori,
1124 1808 1165 1867 le-

166 1893 246 1970 gatis
280 1891 496 1969 praefectisque
526 1892 691 1950 distribuit.
747 1892 817 1951 Huc
841 1891 1028 1951 accedebant
1050 1893 1167 1952 XVIII

164 1978 310 2037 onerariae
344 1997 454 2052 naves,
489 1997 557 2052 quae
588 1997 624 2036 ex
653 1996 687 2035 eo
715 1977 782 2036 loco
815 1977 852 2035 ab
875 1977 998 2037 milibus
1020 1998 1167 2056 passuum

164 2063 248 2122 VIII
270 2069 361 2124 vento
390 2063 580 2137 tenebantur,
610 2081 668 2138 quo
698 2063 798 2121 minus
827 2063 858 2120 in
887 2063 1017 2123 eundem
1045 2073 1167 2142 portum

164 2149 268 2208 venire
295 2153 436 2226 possent5
461 2147 516 2206 has
540 2147 693 2223 equitibus
717 2148 881 2207 distribuit.
926 2149 1092 2225 Reliquum
1116 2172 1166 2209 ex-

165 2235 292 2293 ercitum
315 2234 351 2305 Q.
375 2232 490 2292 Titurio
515 2233 627 2293 Sabino
657 2240 688 2293 et
709 2233 745 2292 L.
769 2233 977 2311 Aurimcnlejo
1002 2233 1100 2294 Cottae
1123 2237 1166 2295 le-

162 2320 243 2397 gatis
272 2320 304 2378 in
331 2319 491 2397 Menapios
526 2326 616 2394 atque
645 2320 677 2377 in
706 2338 757 2378 eos
787 2339 884 2397 pagos
907 2319 1104 2396 Morinorum,
1129 2323 1166 2381 ab

164 2407 274 2480 quibus
308 2405 347 2464 ad
380 2426 448 2465 enm
479 2405 575 2484 legati
595 2425 657 2464 non
678 2411 835 2480 venerant,
866 2404 1038 2464 ducendum
1068 2406 1166 2481 dedit;

162 2492 197 2549 P.
222 2490 389 2569 Sulpicium
410 2489 526 2550 Rufum
557 2491 694 2567 legatum
727 2510 795 2548 cum
827 2511 861 2549 eo
896 2490 1049 2568 praesidia,
1086 2492 1167 2568 quod

101 2621 106 2627 .
163 2576 238 2635 satis
262 2595 330 2634 esse
353 2577 568 2651 arbitrabatur,
591 2583 712 2653 portum
733 2581 838 2634 tenere
856 2575 960 2653 jussit.
1042 2594 1050 2607 ·

248 2661 376 2718 XXIII.
421 2661 479 2719 His
503 2661 677 2720 constitutis
699 2661 792 2720 rebus
820 2668 928 2720 nactus
958 2661 1100 2721 idoneam
1127 2663 1166 2722 ad

163 2745 368 2823 navigandum
388 2752 602 2823 tempestatem
623 2747 714 2805 tertia
735 2745 801 2805 sere
828 2746 933 2824 vigilia
963 2748 1054 2808 solvit
1083 2749 1166 2825 equi—

163 2838 271 2906 tesque
303 2831 335 2889 in
367 2831 542 2891 ulteriorem
574 2838 695 2908 portum
727 2832 871 2910 progredi
905 2840 935 2891 et
967 2853 1063 2893 naves
1095 2854 1165 2893 con-

165 2916 311 2976 scendere
345 2924 376 2975 et
409 2936 442 2976 se
476 2917 563 2993 sequi
591 2916 695 2993 jussit.
750 2917 780 2975 A
814 2918 924 2993 quibus
953 2939 1046 2993 quum
1073 2920 1165 2996 paulo

163 3003 281 3062 tardius
315 3010 398 3062 esset
431 3002 690 3078 administratum,
730 3003 797 3081 ipse
835 3004 911 3062 hora
951 3004 1072 3062 circiter
1106 3005 1167 3064 diei

164 3096 272 3165 quarta
294 3088 490 3166 cumprimis
512 3089 642 3149 navibus
670 3088 861 3147 Britanniam
885 3089 987 3166 attigit
1009 3095 1100 3165 atque
1122 3090 1166 3149 ibi

162 3174 194 3232 in
228 3174 365 3232 omnibus
396 3174 524 3234 collibus
554 3174 708 3252 expositas
738 3175 872 3234 hostium
900 3175 1003 3252 copias
1032 3184 1166 3234 armatas

163 3259 330 3336 conspexit.
366 3257 460 3336 Cujus
482 3260 541 3320 loci
564 3260 630 3319 haeo
652 3268 718 3319 erat
739 3266 848 3319 natura
871 3266 962 3335 atque
991 3260 1034 3319 ita
1056 3262 1166 3320 monti-

162 3344 220 3402 bus
244 3343 383 3419 angustis
405 3365 489 3403 marc
512 3346 741 3421 continebatur,
770 3352 804 3404 ut
832 3366 869 3405 ex
896 3345 972 3405 locis
1001 3346 1165 3424 superiori·
1267 3350 1276 3367 ⁸

162 3430 220 3487 bus
242 3428 274 3486 in
295 3427 368 3487 litus
390 3430 484 3488 telum
507 3431 599 3507 adjici
620 3437 736 3508 posset.
770 3431 862 3489 Huno
885 3431 924 3490 ad
947 3431 1167 3508 egrediendum

162 3533 355 3590 nequaquam
377 3513 518 3574 idoneum
539 3517 639 3574 locum
662 3515 837 3592 arbitratus,
869 3517 941 3574 dum
963 3517 1089 3592 reliquae
1111 3538 1165 3576 na-

162 3620 217 3661 ves
248 3620 283 3659 eo
313 3600 518 3676 convenirent,
553 3601 592 3660 ad
624 3601 731 3670 horam
763 3621 873 3660 nonam
905 3601 936 3660 in
965 3602 1084 3661 ancoris
1113 3623 1165 3662 ex-

162 3685 306 3764 pectavit.
351 3685 478 3744 Interim
499 3686 609 3763 legatis
632 3686 822 3761 tribunisque
839 3687 968 3745 militum
987 3689 1165 3748 convocatis

163 3778 202 3846 et,
237 3790 305 3846 quae
340 3790 377 3828 ex
399 3771 554 3831 Voluseno
579 3778 751 3848 cognosset,
787 3780 831 3846 et,
861 3792 929 3848 quae
957 3770 1023 3830 fieri
1057 3773 1164 3849 vellet,

164 3855 298 3916 ostendit
331 3856 517 3933 monuitque,
551 3864 586 3916 ut
618 3858 663 3916 rei
690 3857 830 3916 militaris
852 3858 945 3933 ratio,
976 3858 1106 3916 maxime
1129 3866 1165 3918 ut

161 3941 318 3999 maritimae
341 3960 390 4000 res
413 3943 612 4020 postularent,
636 3949 670 4001 ut
692 3963 759 4018 quae
790 3942 919 4002 celerem
948 3949 1040 4018 atque
1066 3943 1164 4004 insta-
