2670 4456
544 249 664 304 LIBER
682 250 747 304 VII.
1070 261 1130 319 145

130 444 225 502 stium
247 444 396 522 legionem
419 444 618 504 ostenderunt
642 445 788 522 signaque
810 445 985 507 intulerunt.
1031 447 1079 507 Ne
1099 468 1133 507 eo

133 530 255 604 quidem
277 538 412 609 tempore
436 531 595 607 quisquam
618 532 684 590 loco
713 532 819 607 cessit,
848 532 903 591 sed
933 534 1132 595 circumventi

131 635 236 675 omnes
265 617 476 693 interfectique
506 624 587 675 sunt.
637 618 775 676 Eandem
803 616 958 678 fortunam
985 620 1055 679 tulit
1077 618 1133 679 Ga-

132 702 321 779 mulogenus.
366 704 409 761 At
431 704 462 778 ii,
487 702 538 779 qui
567 703 710 781 praesidio
740 710 845 763 contra
874 713 975 764 castra
1004 706 1134 766 Labieni

133 796 221 846 erant
243 790 351 865 relicti,
376 810 468 865 quum
490 789 630 866 proelium
654 789 847 848 commissum
871 791 1036 867 audissent,
1061 793 1132 851 sub-

133 873 210 932 sidio
234 876 297 934 suis
326 876 428 934 ierunt
456 876 624 951 collemque
655 882 801 953 oeperunt
835 895 934 951 neque
961 884 1135 937 nostrorum

132 959 259 1019 militum
281 962 429 1021 victorum
450 962 598 1039 impetmn
620 961 771 1020 sustinere
783 969 956 1039 potuerunt.
992 962 1043 1021 Sic
1063 983 1132 1022 cum

133 1045 196 1104 suis
230 1046 417 1124 fugientibus
451 1048 602 1125 permixti,
632 1067 707 1122 quos
740 1068 800 1105 uon
833 1047 919 1108 silvae
954 1056 1134 1124 montesque

132 1137 283 1207 texerunt,
309 1134 346 1191 ab
371 1134 506 1208 equitatu
530 1140 602 1192 sunt
618 1132 781 1191 interfecti.
826 1134 894 1194 Hoc
916 1135 1038 1211 negotio
1062 1155 1132 1193 con-

132 1214 214 1276 fecto
237 1218 392 1278 Labienus
415 1220 578 1279 revertitur
600 1219 805 1296 Agedincum,
834 1219 887 1290 11111
915 1220 1131 1298 impedimenta

133 1304 226 1362 totius
249 1306 400 1364 exereitus
422 1306 529 1364 relicta
552 1312 646 1365 erant.
691 1305 768 1363 Inde
791 1305 840 1364 die
862 1305 924 1364 HI.
950 1325 1018 1365 oum
1041 1307 1134 1366 omni·

132 1391 190 1448 bus
213 1391 308 1468 copiis
331 1391 370 1449 ad
394 1391 546 1450 Gaesarem
568 1391 715 1469 pervenit.

219 1477 340 1535 LXIII.
377 1477 558 1536 Defectione
569 1476 757 1535 Haeduorum
780 1477 901 1553 cognita
912 1478 1025 1537 bellum
1043 1498 1133 1555 auge-

133 1569 191 1619 tur.
227 1563 413 1639 Legationes
431 1564 461 1621 in
480 1583 584 1622 omnes
601 1569 706 1639 partes
730 1563 1020 1638 circummittuntur3
1040 1584 1133 1638 quan-

133 1656 198 1704 tum
221 1649 327 1725 gratia,
353 1650 542 1723 auctoritate,
572 1648 701 1726 pecunia
723 1648 836 1723 valent,
860 1648 899 1706 ad
923 1649 1133 1708 sollicitandas

133 1733 272 1793 civitates
300 1735 446 1794 nituntur.
501 1735 593 1794 Necti
632 1733 769 1810 01111111,
805 1754 880 1809 quos
916 1733 1020 1794 Oaesar
1052 1735 1134 1812 apud

133 1839 185 1877 eos
220 1819 411 1898 deposuerat,
446 1822 553 1880 horum
587 1820 735 1898 supplicio
770 1819 945 1878 dubitantes
979 1821 1130 1880 territant.

132 1904 244 1963 Petunt
268 1928 285 1965 a
307 1907 557 1984 Vercingetorige
580 1906 701 1981 Haedui,
725 1911 759 1963 ut
780 1905 820 1964 ad
848 1925 881 1964 se
911 1906 1013 1967 veniat
1041 1907 1133 1965 ratio·

132 2009 247 2066 nosque
269 1993 342 2051 belli
371 1993 496 2070 gerendi
524 1992 733 2052 communicet.
788 1991 836 2050 Re
868 1993 1030 2073 impetrata
1063 2013 1133 2051 con-

133 2076 270 2153 tendunt,
295 2086 329 2137 ut
350 2080 425 2156 ipsis
449 2100 566 2139 summa
586 2078 705 2156 imperii
725 2077 875 2154 tradatur,
900 2087 930 2138 et
951 2098 985 2138 re
1007 2080 1037 2137 in
1061 2099 1131 2138 con-

132 2165 312 2222 troversiam
335 2165 466 2225 deducta
487 2166 581 2225 totius
606 2164 713 2224 Galliae
738 2164 898 2223 concilium
920 2165 1063 2223 Bibracte
1086 2165 1131 2222 in-

132 2247 252 2308 dicitur.
306 2250 497 2311 Conveniunt
523 2251 656 2326 undique
691 2249 875 2325 frequentes.
927 2249 1132 2308 Multitudinis

133 2333 289 2413 suffragiis
312 2357 361 2396 111
391 2337 589 2414 permittitur3
620 2336 658 2395 ad
687 2355 780 2393 unum
809 2354 912 2393 omues
934 2335 1131 2411 Vercingeto-

132 2420 228 2497 rigem
261 2424 392 2499 probant
423 2423 645 2499 imperatorem.
701 2421 750 2478 Ab
784 2420 841 2479 hoc
876 2420 1001 2479 concilio
1031 2420 1130 2495 Remi,

132 2505 298 2583 LingoneS,
322 2508 440 2568 Treviri
463 2508 618 2566 afuerunt:
650 2507 703 2581 illi,
728 2506 809 2580 quod
837 2506 999 2565 amicitiem
1021 2506 1131 2565 Roma-

132 2612 240 2651 norum
274 2595 488 2670 sequebantur,
523 2594 650 2668 Treviri,
686 2592 767 2667 quod
801 2592 928 2650 aberant
954 2592 1077 2668 longius
1101 2599 1132 2651 et

132 2679 170 2735 ab
196 2678 354 2739 Germanis
377 2682 601 2758 premebantur,
626 2698 694 2754 quae
721 2677 781 2736 fuit
809 2697 916 2752 causa,
946 2698 1040 2753 quare
1068 2684 1131 2737 toto

134 2763 279 2823 abessent
300 2767 381 2824 bello
405 2773 436 2824 11
457 2766 574 2825 neutris
599 2764 710 2824 auxilia
731 2764 896 2823 mitterent.
942 2765 1055 2841 Magno
1078 2764 1130 2823 do·

132 2848 196 2908 lore
229 2851 340 2909 Haedui
373 2852 475 2911 ferunt
508 2872 541 2911 11
580 2851 717 2927 dejectos
745 2850 933 2927 principatu,
964 2857 1132 2926 queruntur

132 2933 263 2994 fortunae
287 2939 553 2997 commutationem
575 2945 606 2996 et
629 2936 760 2995 Caesaris
791 2935 1009 3012 indulgentiam
1037 2936 1068 2993 in
1098 2955 1131 2993 se

132 3022 299 3098 requirunt,
322 3044 421 3100 neque
445 3031 544 3082 tamen
575 3029 718 3099 suscepto
746 3021 827 3080 bello
856 3041 944 3079 suum
973 3021 1132 3079 consilium

133 3106 171 3164 ab
193 3109 318 3183 reliquis
341 3129 483 3187 separare
507 3109 626 3168 audent.
671 3106 766 3166 Inviti
789 3126 913 3165 summae
943 3107 1008 3185 spei
1031 3106 1130 3165 adole-

132 3200 253 3254 scentes
271 3196 461 3273 Eporedorix
480 3203 510 3254 11
521 3195 730 3253 Viridomarus
747 3193 992 3270 Vercingetorigi
1012 3200 1129 3271 parent.

217 3281 333 3339 LXIV.
379 3282 436 3342 Ille
469 3281 599 3359 imperat
636 3279 762 3354 reliquis
791 3277 966 3339 civitatibus
997 3278 1129 3353 obsides

132 3362 271 3441 diemque
294 3367 362 3425 huic
385 3369 430 3426 rei
453 3367 617 3426 constituit.
663 3364 775 3425 Omnes
807 3366 940 3440 equites,
964 3365 1027 3424 XV
1049 3365 1131 3423 milia

83 3458 86 3463 '
130 3468 265 3526 numero,
291 3453 429 3513 celeriter
447 3453 607 3513 convenire
626 3452 731 3528 jubet,
755 3450 903 3528 peditatu,
928 3470 1016 3526 quem
1040 3458 1129 3508 antea

131 3533 280 3613 habuerit,
305 3558 338 3597 se
361 3538 427 3599 fore
450 3546 625 3598 contentum
653 3537 726 3595 dicit
753 3555 852 3611 neque
878 3536 1033 3595 fortunam
1065 3544 1129 3594 ten—

131 3628 265 3681 taturum
288 3625 393 3683 autin
416 3626 480 3684 acie
503 3625 730 3696 dimIcaturum3
762 3622 834 3697 sed,
866 3623 1007 3697 quoniam
1036 3622 1129 3679 abun-

131 3706 184 3766 det
207 3710 353 3785 equitatu,
377 3711 522 3788 perfacile
546 3729 615 3770 esse
628 3709 713 3768 factu
724 3707 1013 3767 frumentationibus
1035 3707 1130 3783 pabu-

130 3793 354 3871 lationibusque
387 3797 542 3855 Romanos
575 3796 750 3873 prohibere,
786 3813 872 3869 aequo
908 3792 996 3851 modo
1031 3791 1129 3850 auimo

130 3897 187 3938 sua
219 3881 279 3958 ipsi
311 3881 464 3941 frumenta
497 3888 692 3959 corrumpant
732 3879 919 3954 aedificiaque
954 3877 1128 3949 incendant,

130 3984 192 4039 qua
213 3968 256 4026 rei
280 3967 437 4029 familiaris
463 3968 584 4044 jactura
612 3973 794 4045 perpetuum
820 3965 978 4042 imperium
1008 3964 1130 4024 liberta-

928 4063 960 4114 10
