2670 4456
545 277 665 333 arena
684 278 732 332 iv.
1102 288 1139 345 ῃ

136 492 170 531 se
204 491 241 530 ex
274 471 382 530 timore
412 479 602 549 receperrmt.
661 472 727 544 Quo
755 473 838 532 facto
868 473 908 531 ad
928 473 1142 534 lacessendum

136 565 167 616 et
189 557 229 615 ad
251 557 499 616 committendum
521 558 661 636 proelium
690 559 821 617 alienum
849 578 918 617 esse
945 565 1066 636 tempus
1096 580 1142 618 ar·

135 644 277 715 bitratuS,
301 662 356 701 suo
380 662 413 702 se
441 643 507 702 loco
537 643 686 702 continuit
714 650 745 703 et
771 644 859 703 brevi
885 651 1022 722 tompore
1050 645 1142 704 inter-

136 729 229 787 misso
252 727 284 785 in
307 735 409 787 castra
437 729 573 805 legiones
601 728 732 788 reduxit.
778 730 860 787 Dum
890 730 956 789 haec
985 738 1141 806 geruntur,

136 814 249 873 nostris
284 814 423 873 omnibus
457 815 623 892 occupatis,
659 815 711 890 qui
739 824 825 875 erant
853 815 884 873 in
913 816 996 891 agris
1024 816 1142 891 reliqui,

138 899 355 958 discesserunt.
419 899 538 958 Secutae
574 908 645 958 sunt
679 901 839 959 continuos
873 901 1044 978 complures
1078 902 1143 961 dies

136 991 346 1062 tempestates,
382 1004 449 1060 quae
484 991 515 1043 et
544 994 666 1045 nostros
694 986 726 1043 in
757 986 867 1045 castris
896 986 1086 1045 continerent
1114 995 1144 1046 et

136 1072 255 1130 hostem
284 1091 301 1128 a
330 1091 433 1147 pugna
460 1071 664 1148 prohiberent.
715 1072 843 1130 Interim
870 1072 994 1129 barbari
1020 1072 1143 1131 nuntios

136 1158 168 1215 in
201 1175 306 1214 omnes
340 1164 443 1233 partes
478 1156 658 1215 dimiserimt
692 1157 938 1234 paucitatemque
970 1164 1145 1217 nostrorum

136 1242 264 1301 militum
287 1242 351 1301 suis
374 1242 621 1320 praedicaverunt
644 1251 684 1317 et,
708 1250 822 1318 quanta
850 1242 964 1320 praedae
993 1241 1143 1302 faciendae

138 1335 229 1403 atque
262 1328 293 1385 in
326 1335 507 1406 perpetuum
541 1329 588 1386 sui
621 1327 772 1387 liberandi
793 1327 925 1387 facultas
954 1328 1086 1403 daretur,
1118 1329 1144 1388 si

137 1414 292 1472 Romanos
315 1414 425 1472 castris
448 1413 649 1490 expulissent,
674 1414 970 1474 demonstraverunt.
1015 1414 1074 1472 His
1096 1434 1144 1473 re·

136 1501 195 1558 bus
219 1498 358 1558 celeriter
379 1519 491 1576 magna
519 1499 715 1559 multitudine
742 1499 899 1577 peditatus
930 1500 1145 1575 equitatusque

139 1590 245 1644 coacta
268 1584 307 1642 ad
331 1592 433 1643 castra
455 1594 613 1645 venerunt.

222 1669 358 1730 XXXV.
406 1669 510 1729 Oaesar
533 1671 590 1729 etsi
612 1670 703 1744 idem,
736 1670 817 1745 quod
845 1670 1052 1747 superioribus
1083 1671 1145 1729 die·

137 1756 196 1814 bus
220 1754 386 1830 acciderat,
411 1754 477 1815 fore
499 1756 642 1830 ridebat,
673 1763 725 1830 ut,
749 1756 776 1813 si
799 1761 904 1815 essent
925 1756 1029 1815 hostes
1052 1756 1144 1834 pulsi,

139 1841 295 1900 celeritate
323 1841 494 1919 periculum
522 1840 710 1918 effugerent,
746 1848 849 1900 tamen
883 1848 993 1899 nactus
1028 1842 1146 1917 equites

139 1926 260 1986 circiter
292 1927 432 2004 triginta,
457 1947 533 2002 quos
564 1926 719 1986 Commius
742 1926 891 2002 Atrebas,
923 1925 960 1985 de
991 1948 1050 2003 quo
1075 1935 1145 1987 ante

139 2012 254 2071 dictum
277 2019 333 2087 est,
358 2032 461 2071 secum
484 2019 759 2090 transportaverat,
783 2012 920 2090 legiones
943 2013 975 2071 in
1003 2014 1068 2072 acie
1090 2034 1145 2091 pro

140 2098 249 2156 castris
280 2098 447 2156 constituit.
502 2097 671 2158 Commisso
700 2098 807 2177 proelio
836 2098 951 2157 diutius
972 2106 1146 2159 nostrorum

138 2183 268 2242 militum
290 2183 436 2261 impetum
465 2184 571 2243 hostes
599 2184 681 2243 ferre
711 2204 772 2243 non
798 2190 964 2262 potuerunt
993 2204 1029 2243 ac
1058 2191 1147 2260 terga

139 2275 305 2329 verterumt.
353 2269 437 2340 Quos
459 2276 545 2329 tanto
569 2270 668 2348 spatio
692 2269 799 2344 secuti,
824 2276 973 2344 quantum
1002 2289 1093 2328 cursu
1116 2277 1147 2327 et

138 2354 256 2415 viribus
279 2353 402 2414 efficere
424 2363 599 2434 potuerunt,
629 2355 801 2433 complures
825 2374 862 2412 ex
891 2354 929 2412 iis
959 2354 1145 2430 occiderunt,

139 2440 249 2498 deinde
272 2440 412 2499 omnibus
446 2441 536 2518 longe
569 2441 692 2517 lateque
726 2438 864 2498 aedificiis
896 2440 1030 2498 incensis
1059 2459 1092 2498 se
1115 2440 1147 2498 in

141 2533 243 2585 eastra
264 2534 457 2603 receperunt.

222 2611 378 2672 XXXVI.
422 2611 540 2670 Eodem
572 2611 621 2669 die
651 2611 745 2688 legati
774 2611 812 2669 ab
835 2610 976 2669 hostibus
998 2611 1085 2669 missi
1108 2610 1147 2669 ad

140 2696 293 2756 Caesarem
316 2697 353 2756 de
375 2717 452 2776 pace
475 2705 634 2757 venerunt.
679 2697 738 2755 His
757 2695 862 2755 Caesar
883 2717 1042 2755 numerum
1066 2697 1146 2755 obsi-

139 2782 220 2858 dum,
245 2802 335 2860 quem
358 2790 428 2841 ante
451 2783 665 2860 imperaverat,
690 2782 858 2860 duplicavit
881 2803 994 2858 eosque
1022 2783 1054 2840 in
1076 2802 1146 2841 con-

137 2868 285 2927 tinentem
319 2868 429 2927 adduci
458 2868 563 2944 jussit,
599 2869 681 2943 quod
702 2869 874 2947 propinqua
901 2868 950 2927 die
973 2868 1147 2943 aequinoctii

138 2952 266 3012 infirmis
293 2954 424 3014 navibus
451 2954 544 3013 hiemi
571 2954 797 3032 navigationem
829 2952 1052 3029 subjiciendam
1085 2973 1147 3011 non

138 3039 342 3098 existimabat.
394 3040 468 3117 Ipse
496 3040 639 3098 idoneam
673 3046 888 3117 tempestatem
922 3046 1031 3097 nactus
1054 3038 1145 3115 paulo

138 3132 210 3203 post
231 3125 362 3184 mediam
390 3134 512 3184 noctem
541 3145 637 3185 naves
667 3126 772 3199 solvit,
803 3144 870 3200 quae
900 3143 1004 3182 omnes
1031 3123 1146 3181 incolu-

137 3229 204 3269 mes
234 3210 274 3269 ad
297 3210 503 3270 continentem
532 3216 752 3289 pervenerunt,
784 3210 840 3269 sed
868 3229 905 3268 ex
932 3210 970 3268 iis
1000 3210 1146 3269 onerariae

138 3295 206 3354 duae
241 3294 374 3371 eosdem,
409 3316 486 3372 quos
515 3297 657 3373 reliquae,
693 3301 800 3373 portus
835 3315 944 3373 capere
973 3316 1034 3354 non
1057 3304 1145 3372 potu-

139 3388 229 3439 erunt
251 3388 282 3440 et
304 3382 395 3458 paulo
418 3381 498 3440 infra
519 3380 629 3441 delatae
652 3387 733 3440 sunt.

222 3466 396 3527 XXXVII.
443 3467 561 3539 Quibus
585 3488 623 3527 ex
640 3467 770 3528 navibus
789 3487 882 3541 quum
900 3472 1004 3525 essent
1016 3466 1147 3543 expositi

136 3551 249 3611 milites
273 3552 395 3613 circiter
418 3551 494 3611 000
517 3561 609 3628 atque
638 3553 671 3611 in
700 3559 802 3611 castra
830 3552 1057 3624 contenderent,
1080 3551 1146 3609 Mo·

136 3637 205 3712 rini,
229 3657 306 3712 quos
331 3636 435 3696 Oaesar
457 3639 489 3697 in
510 3639 702 3697 Britanniam
724 3636 922 3715 proficiscens
944 3642 1071 3714 pacatos
1098 3654 1145 3692 re-

136 3721 277 3799 liqueret,
301 3742 356 3801 spe
377 3724 491 3801 praedae
515 3724 640 3782 adducti
662 3724 759 3801 primo
789 3724 915 3781 nonita
943 3740 1053 3796 magno
1077 3739 1145 3779 suo-

137 3827 205 3866 rum
225 3828 351 3868 numero
375 3809 644 3868 circumsteterunt
666 3830 711 3885 ao,
725 3809 752 3866 si
775 3828 843 3867 sese
865 3805 996 3866 interfici
1018 3805 1145 3880 nollent,

138 3913 222 3952 arma
243 3913 356 3972 ponere
375 3893 544 3970 jusserunt.
591 3895 692 3966 Quum
718 3893 763 3952 illi
792 3895 864 3952 orbe
886 3891 968 3950 tacto
997 3910 1065 3950 sese
1095 3891 1145 3949 de-

137 3976 308 4056 fenderent,
332 3980 472 4040 celeriter
500 3980 539 4038 ad
567 3981 731 4039 clamorem
759 3978 913 4037 hominum
942 3975 1064 4036 circiter
1092 3977 1158 4034 mi-¹
