2670 4456
163 262 223 318 116
487 253 540 305 DE
558 249 686 305 BELLO
704 250 875 307 GALLIGO

161 467 217 507 nes
238 447 271 506 in
293 455 395 506 castra
417 445 607 544 perveniunt
652 446 719 505 Hos
743 446 900 505 subsecuti
931 446 1053 504 calones
1082 445 1167 542 equi·

161 540 269 630 tesque
293 532 399 592 eodem
421 532 536 609 impetu
558 531 687 590 militum
710 532 822 591 virtute
846 538 1017 591 servantur.
1069 530 1155 588 Α1”
1135 551 1167 627 n,

164 618 268 695 quiin
287 617 362 695 jugo
387 618 597 692 constiterant,
620 617 704 676 nullo
733 617 824 676 etiam
851 637 932 675 nuno
960 636 1019 675 usu
1040 615 1086 675 rei
1113 616 1169 673 mi·

162 704 262 762 1111111
284 710 429 782 percepto
452 722 551 778 neque
573 704 605 761 in
628 723 673 777 eo,
698 703 779 800 quod
800 705 1015 780 probaverant,
1041 701 1168 761 consilio

162 809 356 866 permanere,
391 795 426 847 ut
458 808 492 848 se
525 790 592 848 loco
627 789 784 865 superiore
818 787 1035 862 defenderent,
1068 806 1170 861 neque

164 894 240 949 eam,
265 895 355 950 quam
377 874 525 952 prodesse
560 874 627 932 aliis
658 875 720 934 vim
743 874 989 949 celeritatemque
1017 872 1169 942 viderant,

162 960 274 1019 imitari
296 967 475 1038 potuerunt;
500 959 555 1019 sed
577 979 611 1019 se
633 959 665 1018 in
688 966 789 1019 castra
818 961 955 1036 recipere
984 959 1085 1018 eonati
1113 957 1170 1016 ini-

162 1066 255 1120 quum
276 1046 431 1104 inlocum
459 1045 653 1104 demiserunt.
705 1044 920 1119 Centuriones,
945 1064 1073 1120 quorum
1095 1062 1170 1101 non-

161 1130 238 1188 nulli
260 1151 298 1206 ex
320 1130 515 1190 inferioribus
539 1130 695 1190 ordinibus
717 1131 902 1207 reliquarum
928 1130 1082 1207 legionum
1109 1129 1171 1188 vir-

162 1216 237 1275 tutis
265 1235 358 1275 causa
391 1217 423 1274 in
457 1217 631 1294 superiores
665 1223 753 1275 erant
781 1216 904 1275 ordines
925 1215 1017 1291 hujus
1040 1214 1171 1291 legionis

162 1301 306 1376 traducti,
329 1322 367 1361 ne
389 1308 460 1360 ante
481 1308 601 1379 partam
623 1303 668 1361 rei
690 1301 829 1360 militaris
852 1300 1170 1373 laudemamitterent,

164 1385 331 1445 fortissime
354 1394 525 1464 pugnantes
549 1388 755 1447 conciderunt.
801 1387 934 1446 Militum
956 1406 1038 1464 pars,
1061 1386 1170 1444 horum

163 1472 276 1531 virtute
298 1472 457 1531 summotis
479 1472 629 1548 hostibus,
653 1480 765 1551 praeter
788 1493 875 1550 spem
895 1472 1054 1531 incolumis
1077 1471 1171 1529 inea·

164 1563 228 1615 stra
249 1558 399 1635 pervenit,
422 1578 495 1634 pars
519 1579 537 1616 a
558 1559 698 1618 barbaris
721 1559 930 1619 circumventa
952 1558 1051 1636 periit.

249 1643 337 1701 XLI.
384 1643 529 1702 Germani
551 1644 715 1722 desperata
737 1643 961 1722 expugnatione
990 1649 1171 1716 castrorum,

164 1728 246 1803 quod
268 1736 392 1788 nostros
411 1728 477 1805 jam
500 1730 675 1789 constitisse
705 1730 737 1789 in
766 1729 983 1788 munitionibus
1012 1727 1172 1801 videbant,

164 1831 234 1871 eum
256 1835 293 1874 ea
304 1814 418 1892 praeda,
443 1835 534 1890 quam
557 1815 588 1874 in
600 1816 687 1876 silvis
700 1815 915 1893 deposuerant,
933 1821 1018 1872 trans
1030 1813 1175 1871 Rhenum

164 1917 234 1957 sese
273 1908 465 1977 receperunt.
521 1900 568 1959 Ac
603 1908 707 1960 tantus
741 1899 800 1959 tuit
834 1901 926 1960 etiam
959 1905 1031 1976 post
1058 1897 1173 1956 disces·

165 2002 233 2042 sum
259 1984 393 2044 hostium
420 1992 527 2060 terror,
556 1993 600 2060 ut,
631 2006 667 2045 ea
695 1994 786 2046 nocte
815 2004 907 2061 quum
936 1985 974 2044 G.
998 1983 1175 2044 Volusenus

165 2068 277 2128 missus
300 2090 369 2128 eum
392 2071 528 2146 equitatu
558 2070 598 2129 ad
621 2079 722 2130 eastra
744 2071 890 2146 venisset,
918 2061 1010 2128 fidem
1037 2088 1100 2128 non
1127 2067 1173 2126 fa-

166 2161 265 2227 ceret,
305 2155 415 2215 adesse
449 2176 519 2215 cum
557 2155 699 2216 ineolumi
733 2155 887 2216 Gaesarem
920 2155 1065 2215 exercitu.
1123 2153 1174 2212 Sic

165 2240 298 2300 omnium
321 2242 437 2301 animos
460 2242 550 2301 timor
570 2248 850 2322 praeoccupaverat,
879 2248 915 2300 ut
930 2260 1018 2319 paene
1041 2240 1174 2298 alienata

167 2333 269 2385 mente
292 2325 400 2386 deletis
435 2328 574 2386 omnibus
609 2328 705 2406 copiis
736 2328 905 2403 equitatum
932 2334 1051 2385 tantum
1079 2343 1113 2383 se
1136 2344 1176 2383 ex

165 2410 240 2488 tuga
271 2412 427 2491 recepisse
461 2413 598 2473 dicerent
630 2433 729 2489 neque
762 2413 905 2472 incolumi
934 2411 1069 2471 exercitu
1098 2407 1175 2468 Ger-

166 2516 272 2556 manos
296 2506 398 2557 castra
421 2505 651 2576 oppugnaturos
673 2497 770 2559 fuisse
793 2498 1021 2558 contenderent.
1074 2494 1175 2566 Quem

166 2581 307 2641 timorem
330 2582 462 2642 Caesaris
485 2583 637 2644 adventus
661 2584 792 2643 sustulit.

252 2667 357 2726 XLII.
402 2668 560 2728 Reversus
582 2669 643 2745 ille,
674 2676 802 2730 eventus
829 2669 903 2728 belli
929 2687 991 2727 non
1018 2667 1174 2743 ignorans,
1211 2678 1214 2683 '

166 2770 268 2825 unum,
302 2752 383 2827 quod
417 2753 557 2813 cohortes
591 2773 628 2812 ex
661 2756 793 2814 statione
826 2762 857 2813 et
887 2752 1032 2832 praesidio
1068 2755 1175 2810 essent

167 2835 297 2911 emissae,
322 2845 449 2913 questus
473 2837 523 2909 (ne
549 2839 677 2900 minimo
703 2839 825 2915 quidem
843 2839 928 2899 casui
954 2839 1054 2897 locum
1083 2836 1175 2894 relin-

167 2920 219 2997 qui
248 2921 402 3010 debuisse)
435 2924 564 2983 multum
596 2924 792 2985 fortunam'
784 2946 816 2984 m
848 2924 1006 3003 repentino
1039 2921 1176 2980 hostium

167 3006 304 3067 adventu
325 3002 500 3087 potuisse]
495 3008 655 3085 udicavit,
684 3011 779 3069 multo
748 3011 894 3069 tetiam
922 3009 1068 3087 amplius,
1094 3004 1178 3082 quod

166 3111 255 3170 paene
277 3094 347 3152 ab
338 3113 406 3172 ipso
428 3031 513 3154 vallio
536 3097 694 3193 portisque
724 3104 894 3156 castrorum
915 3096 1065 3154 barbaros
1088 3110 1177 3152 aver-

167 3178 266 3236 tisset.
331 3179 466 3251 Quarum
500 3182 632 3240 omnium
664 3202 767 3242 rerum
800 3181 938 3240 maxime·
964 3176 1178 3239 admirandum

166 3260 339 3339 videbatur,
363 3265 445 3341 quod
469 3265 624 3341 Germani,
648 3268 700 3342 qui
723 3287 758 3326 eo
782 3267 908 3326 consilio
920 3266 1063 3325 Rhenum
1074 3269 1177 3321 trans

168 3347 276 3422 ierant,
310 3356 346 3408 ut
366 3349 554 3428 Ambiorigis
587 3313 664 3411 fides
699 3352 968 3430 depopularentur,
1005 3349 1044 3408 ad
1074 3354 1178 3407 eastra

110 3507 112 3511 .
168 3392 374 3494 Romaimrum
413 3435 506 3497 delati
542 3439 766 3516 optatissimum
794 3436 966 3513 Ambiorigi
994 3431 1178 3494 beneficium

173 3517 356 3579 obtulerant.

243 3604 377 3666 XLIII.
424 3593 528 3667 Oaesar
539 3627 646 3668 rursus
665 3607 704 3667 ad
715 3607 871 3667 vexandos
887 3608 993 3666 hostes
1005 3602 1174 3683 profectus,

167 3707 277 3766 magno
301 3701 408 3752 coacto
437 3688 591 3769 [equitum]
620 3713 746 3752 numero
770 3714 807 3752 ex
828 3692 964 3752 finitimis
987 3689 1175 3762 civitatibus,

166 3772 199 3833 in
220 3795 325 3837 omnes
348 3785 453 3857 partes
476 3778 610 3838 dimittit.
646 3777 760 3837 Omnes
781 3780 842 3839 vici
864 3785 966 3854 atque
979 3775 1080 3836 omnia
1102 3771 1176 3832 11111-
1198 3810 1202 3816 ·

168 3857 246 3935 ficia,
270 3881 339 3937 quae
362 3864 491 3940 quisque
509 3871 719 3942 conspexerat,
737 3864 993 3935 incendebantur3
1011 3859 1119 3940 pracda
1139 3876 1176 3916 ex

169 3946 309 4006 omnibus
336 3949 412 4009 locis
440 3950 600 4026 agebatur;
635 3948 789 4009 frumenta
824 3970 886 4010 non
915 3948 1055 4009 soluma
1091 3950 1179 4004 tanta
