2670 4456
552 268 672 322 ntana
694 270 755 323 vri.
1096 234 1160 337 raa

153 462 359 539 prominentes
382 464 483 541 passis
506 463 646 522 manibus
670 464 904 523 obtestabantur
927 466 1091 538 Romanos,
1125 473 1158 523 ut

154 548 214 607 sibi
235 556 405 625 parcerent,
429 569 497 624 neu,
522 549 601 608 sicut
612 548 738 608 Avarici
760 550 917 624 fecissent,
949 571 988 609 ne
1012 572 1029 610 a
1051 551 1156 609 mulie·

154 634 239 692 ribus
262 633 384 708 quidem
407 644 498 710 atque
521 633 691 693 infantibus
714 635 910 694 abstinerent.
946 636 1106 695 Nonnullae
1119 636 1157 695 de

153 719 248 778 muris
270 739 326 796 per
348 740 455 779 manus
478 720 620 779 demissae
644 740 712 779 sese
735 721 882 780 militibus
905 721 1078 780 tradebant.
1120 722 1156 780 L.

154 805 269 863 Fabius
304 807 439 865 centurio
468 806 597 883 legionis
632 813 759 879 octavae,
795 826 885 881 quem
918 807 997 880 inter
1028 804 1099 866 siios
1123 827 1158 866 eo

153 890 202 949 die
224 890 339 950 dixisse
362 893 524 950 constabat
547 891 673 950 excitari
696 911 730 950 se
747 891 987 950 Avaricensibus
1022 894 1157 970 praemiis

154 996 253 1052 neque
284 978 514 1036 commissurum
541 985 575 1035 ut
603 977 688 1055 prius
717 976 878 1052 quisquam
905 997 1024 1035 murum
1053 998 1158 1037 ascen-

154 1062 249 1135 deret,
272 1070 335 1121 tres
358 1082 430 1122 suos
452 1071 561 1122 nactus
584 1062 787 1139 manipulares
811 1070 901 1138 atque
925 1064 962 1121 ab
986 1063 1024 1121 iis
1054 1064 1163 1121 suble-⁴

153 1154 243 1207 vatus
266 1167 385 1206 murum
408 1149 555 1207 ascendit.
591 1149 657 1206 Hos
677 1149 744 1224 ipse
763 1168 871 1206 rursus
894 1148 1031 1224 singulos
1051 1168 1158 1226 excep-

155 1240 225 1292 tans
246 1233 278 1291 in
300 1255 419 1292 murum
442 1234 559 1292 extulit.

241 1318 394 1379 XLVIII.
440 1320 567 1378 interim
589 1320 619 1394 ii,
644 1320 695 1394 qui
713 1318 751 1378 ad
769 1320 895 1379 alteram
914 1327 1033 1396 partem
1045 1319 1158 1397 oppidi,

155 1413 190 1462 ut
212 1424 305 1482 supra
328 1405 614 1479 demonstravimus,
638 1405 812 1464 munitionis
831 1425 924 1464 causa
943 1411 1158 1479 convenerant,

156 1491 254 1567 primo
278 1492 419 1550 exaudito
444 1492 584 1566 clamore,
608 1490 678 1549 inde
702 1491 794 1549 etiam
826 1491 941 1550 crebris
971 1492 1086 1550 nuntiis
1114 1491 1159 1549 in-

157 1576 241 1635 citati
265 1576 409 1654 oppidum
431 1578 469 1635 ab
493 1576 641 1635 Romanis
670 1576 777 1649 teneri,
805 1577 973 1653 praemissis
1004 1576 1160 1651 equitibus

157 1682 266 1738 magno
298 1681 448 1721 concursu
483 1683 517 1721 eo
553 1661 782 1720 contenderunt.
839 1663 953 1719 Eorum
976 1662 1160 1736 utquisque

157 1747 273 1824 primus
297 1755 431 1823 venerat,
456 1749 513 1806 sub
537 1767 623 1805 muro
654 1747 845 1806 consistebat
878 1767 1063 1821 suorumque
1085 1765 1161 1823 pug-

157 1833 295 1891 nantium
311 1854 469 1893 numerum
489 1834 630 1909 augebat.
678 1832 812 1903 Quorum
836 1852 928 1906 quum
950 1852 1061 1909 magna
1083 1832 1159 1889 mul-

157 1918 255 1977 titudo
279 1921 483 1994 convenisset,
508 1926 621 1977 matres
643 1917 778 1991 familiae,
803 1937 871 1993 quae
894 1918 984 1995 paulo
1008 1924 1079 1976 ante
1097 1917 1158 1976 Ro-

158 2004 255 2062 manis
279 2005 317 2064 de
340 2026 425 2064 muro
449 2024 556 2064 manus
579 2003 755 2078 tendebant,
780 2022 852 2062 suos
876 2004 1024 2063 obtestari
1036 2010 1067 2062 et
1079 2023 1162 2061 more

160 2089 278 2149 Gallico
307 2110 433 2168 passum
462 2091 604 2168 capillum
639 2098 792 2149 ostentare
827 2089 1001 2164 liberosque
1029 2090 1060 2147 in
1091 2109 1161 2147 con-

160 2184 299 2252 spectum
327 2177 465 2254 proferre
497 2184 663 2253 coeperimt.
719 2176 796 2233 Erat
829 2175 976 2233 Romanis
1009 2194 1066 2232 nee
1095 2174 1162 2232 loco

159 2280 215 2319 neo
237 2282 362 2321 numero
394 2282 482 2338 aequa
511 2262 678 2333 sententie,
709 2260 798 2318 simul
827 2267 858 2318 et
888 2279 978 2318 cursu
1008 2266 1038 2317 et
1062 2257 1160 2335 spatio

159 2367 269 2424 pugnae
293 2347 454 2424 defatigati
476 2368 537 2405 uon
561 2346 651 2404 facile
673 2351 813 2403 recentes
832 2352 923 2419 atqua
940 2345 1076 2421 integros
1095 2363 1162 2401 sus-

159 2433 305 2491 tinebant.

161 2543 163 2549 ·
245 2518 365 2594 XLIX,
413 2518 517 2578 Caesar
539 2537 631 2592 quum
653 2515 756 2591 iniquo
779 2515 846 2573 loco
869 2515 999 2592 pugnari
1016 2514 1162 2573 hostium·

161 2623 219 2677 que
243 2605 347 2680 augeri
371 2605 474 2682 copias
497 2603 625 2675 videret,
649 2607 854 2679 praemetuens
878 2601 943 2659 suis
967 2600 1006 2659 ad
1028 2599 1062 2658 Τ.
1088 2598 1162 2657 Sex-

160 2689 236 2747 tium
259 2690 402 2766 legatum,
426 2709 516 2764 quem
538 2688 705 2747 minoribus
729 2687 839 2745 eastris
868 2686 1012 2764 praesidio
1034 2685 1163 2761 relique-

160 2781 217 2848 rat,
241 2775 333 2851 misit,
357 2783 392 2835 ut
414 2777 555 2835 cohortes
590 2794 627 2833 ex
656 2773 766 2832 castris
797 2772 936 2832 celeriter
965 2772 1109 2831 educeret
1132 2778 1162 2828 et

161 2862 219 2918 sub
242 2860 344 2920 infimo
368 2862 445 2921 colle
468 2863 505 2920 ab
530 2861 636 2919 dextro
665 2859 761 2918 latere
790 2858 922 2918 hostium
951 2857 1161 2928 constitueret,

161 2953 204 3020 ut,
229 2947 255 3005 si
278 2955 399 3006 nostros
422 2947 488 3006 loco
512 2946 657 3023 depulsos
685 2944 825 3018 vidisset,
855 2964 914 3018 qno
942 2943 1041 3000 minus
1068 2941 1165 2999 libere

140 3031 264 3091 *hostat
285 3033 528 3108 insequerentur,
552 3037 691 3090 terreret.
730 3030 803 3106 Ipse
826 3028 949 3105 paulum
973 3047 1010 3085 ex
1034 3046 1069 3084 eo
1093 3026 1161 3084 loco

163 3137 231 3176 cum
253 3118 372 3195 legione
394 3136 587 3195 progressus,
611 3116 664 3174 ubi
688 3115 875 3186 constiterat,
895 3119 1036 3173 eventum
1052 3130 1164 3189 pugnae

161 3205 351 3281 expectabat.

246 3290 283 3348 L.
331 3290 430 3361 Quum
453 3287 599 3347 acerrime
629 3286 795 3345 comminus
823 3290 1026 3361 pugnaretur,
1056 3284 1164 3342 hostes

162 3374 228 3433 loco
252 3384 283 3434 et
304 3395 440 3448 numero,
463 3374 561 3432 nostri
588 3373 702 3431 virtute
730 3369 930 3444 confiderent,
961 3369 1061 3428 subito
1092 3374 1163 3426 sunt

162 3460 275 3519 Haedui
297 3461 357 3520 visi
379 3462 416 3519 ab
434 3460 531 3519 latere
551 3458 664 3517 nostris
684 3464 799 3534 aperto,
819 3475 895 3531 quos
909 3454 1014 3514 Caesar
1032 3456 1069 3513 ab
1089 3453 1162 3510 dex·

164 3553 211 3604 tra
244 3553 331 3624 parte
360 3545 418 3605 alio
454 3563 584 3604 ascensu
614 3562 722 3601 manus
751 3541 933 3600 distinendae
957 3559 1050 3599 eausa
1072 3538 1162 3595 mise-

163 3639 220 3690 rat.
270 3632 313 3690 Hi
341 3630 538 3691 similitudine
559 3648 711 3688 armorum
728 3628 924 3688 vehementer
951 3631 1073 3683 nostros
1096 3641 1163 3699 per-

163 3724 353 3791 terruerunt;
379 3737 414 3776 ao
437 3715 560 3775 tametsi
596 3715 713 3773 dextris
741 3713 876 3771 humeris
900 3710 1013 3769 exertis
1031 3707 1164 3766 animad-

147 3805 372 3878 uertebantur,
386 3801 468 3878 quod
479 3801 599 3878 insigne
619 3807 762 3877 pacatum
779 3817 847 3858 esse
871 3800 1042 3867 conaverat,
1065 3800 1166 3852 tamen

164 3888 194 3946 id
216 3889 318 3966 ipsum
341 3889 389 3948 sui
411 3886 539 3946 fallendi
562 3904 656 3944 causa
678 3883 788 3942 milites
820 3883 857 3940 ab
886 3880 1025 3939 hostibus
1048 3877 1165 3937 factum

165 3975 388 4034 existimabant.
433 3972 552 4032 Eodem
572 3978 709 4048 tempore
732 3970 767 4026 L.
791 3967 906 4026 Fabius
930 3965 1076 4039 centurio,
1100 3965 1166 4039 qui-
