2670 4456
555 256 677 310 LIBER
696 256 745 310 VI.
1107 268 1167 325 109

161 459 193 510 et
216 470 339 510 oausam
362 459 392 510 et
414 451 566 510 hominem
588 452 728 528 probant,
753 470 902 526 suumque
932 452 1075 510 auxilium
1103 455 1168 531 pol·

160 537 292 595 licentur
321 543 411 612 atqua
443 537 480 594 ab
510 535 702 594 multitudine
732 536 958 610 collaudantur,
991 539 1043 613 qui
1072 559 1109 597 ex
1131 540 1169 598 iis

162 622 261 681 secuti
282 641 343 679 non
372 629 453 695 sunt,
482 621 513 679 in
544 622 734 680 desertorum
763 642 798 680 ao
826 622 1016 699 proditorum
1045 644 1168 684 numero

162 707 314 766 ducuntur
337 707 530 782 omniumque
553 707 590 765 iis
620 727 721 765 rerum
752 714 861 784 postea
888 707 966 766 fides
995 708 1168 786 derogatur.

162 793 325 870 Hospitem
358 793 473 853 violare
507 792 555 851 fas
588 812 649 851 non
676 799 802 869 putant;
839 793 890 868 qui
924 813 1104 871 quacunque
1132 796 1170 855 de

163 897 257 937 causa
280 877 319 936 ad
341 897 394 937 eos
415 887 574 952 venerunt,
599 878 636 936 ab
661 878 773 954 injuria
794 879 957 956 prohibent
987 889 1170 957 sanctosque

161 965 284 1037 habent,
307 963 408 1039 iisque
433 964 565 1022 omnium
588 962 696 1021 domus
720 971 828 1041 patent
850 965 1012 1038 victusque
1037 985 1169 1024 commu-

162 1049 290 1107 uicatim.

248 1133 370 1192 XXIV.
401 1134 448 1192 Ac
466 1133 526 1191 fuit
544 1142 633 1192 antea
650 1142 780 1213 tempus,
800 1155 893 1209 quum
906 1134 1075 1194 Germanos
1089 1135 1171 1194 Galli

162 1219 277 1278 virtute
300 1227 489 1296 superarent,
512 1220 592 1279 ultro
621 1220 701 1278 bella
729 1219 891 1295 inferrent,
922 1227 1047 1297 propter
1076 1222 1171 1280 homi-

162 1324 235 1362 num
256 1303 484 1363 multitudinem
507 1306 633 1381 agrique
655 1306 788 1384 inopiam
818 1313 903 1364 trans
925 1306 1068 1365 Rhenum
1090 1308 1170 1364 colo-

162 1389 231 1448 nias
254 1389 418 1448 mitterent.
464 1390 575 1466 Itaque
599 1411 649 1464 ea,
680 1411 748 1466 quae
779 1391 970 1450 fertilissima
1000 1393 1171 1451 11111911-

163 1476 272 1533 maniae
294 1475 363 1534 loca
386 1475 499 1534 circum
510 1476 699 1553 Hercyniam
722 1477 831 1536 silvam
854 1477 956 1552 (quam
973 1478 1171 1537 Eratostheni

165 1568 196 1619 et
219 1560 404 1636 quibusdam
427 1560 544 1620 Graecis
567 1561 650 1620 fama
671 1570 775 1621 notam
801 1583 869 1621 esse
891 1562 991 1638 video,
1015 1583 1108 1636 quam
1126 1565 1170 1622 illi

165 1645 330 1723 Orcyniam
370 1647 547 1723 appellant),
571 1648 676 1706 Volcae
713 1648 901 1725 Tectosages
941 1657 1171 1724 occupaverunt

164 1738 257 1806 atque
279 1732 322 1790 ibi
346 1732 565 1805 consederunt;
590 1752 657 1806 quae
681 1753 757 1808 gens
781 1734 899 1792 adhoc
922 1740 1044 1809 tempus
1066 1733 1104 1791 iis
1124 1753 1170 1792 se-

164 1815 254 1875 dibus
277 1835 346 1875 sese
370 1817 505 1876 continet
535 1837 744 1892 summamque
771 1819 865 1877 habet
889 1818 1019 1894 justitiae
1050 1825 1081 1877 et
1108 1819 1172 1877 bel-

163 1901 232 1961 licae
265 1902 365 1960 laudis
394 1903 574 1980 opinionem.
631 1902 729 1978 Nunc,
761 1904 842 1979 quod
875 1903 906 1961 in
929 1903 1035 1962 eadem
1058 1904 1170 1981 inopia,

165 1994 313 2063 egestate,
336 1988 544 2065 patientiaque
569 1988 712 2047 Germani
735 1996 929 2067 permanent,
961 1989 1067 2048 eodem
1089 1991 1174 2050 victu

167 2078 212 2144 et,
233 2073 316 2130 cultu
346 2074 482 2151 corporis
516 2081 652 2148 utuntur,
688 2074 787 2134 Gallis
816 2083 917 2134 autem
951 2076 1176 2152 provinciarum

165 2157 379 2234 propinquitas
414 2165 444 2218 et
476 2160 749 2219 transmarinarum
783 2181 884 2219 rerum
917 2161 1052 2219 notititia
1080 2161 1175 2218 multa

166 2242 207 2301 ad
229 2243 348 2320 copiam
372 2252 463 2320 atque
485 2264 560 2303 usus
583 2246 722 2320 largitur,
752 2246 899 2322 paulatim
928 2244 1096 2305 assuefacti
1125 2264 1174 2302 su-

164 2329 266 2405 perari
295 2330 458 2404 multisque
486 2330 561 2389 victi
589 2332 706 2407 proeliis
734 2351 773 2388 ne
802 2350 836 2388 se
866 2330 988 2405 quidem
1016 2331 1077 2407 ipsi
1106 2349 1174 2387 cum

164 2413 227 2472 illis
249 2415 363 2474 virtute
387 2423 575 2492 comparant.

251 2499 355 2559 XXV.
383 2500 504 2576 -Hujus
526 2501 691 2578 Hercyniae
715 2500 811 2574 silvae,
836 2520 904 2575 quae
935 2518 1028 2576 supra
1051 2499 1173 2558 demon-

165 2590 263 2643 strata
285 2591 341 2660 est,
371 2585 501 2645 latitudo
529 2606 640 2646 novem
667 2586 785 2644 dierum
813 2586 871 2644 iter
899 2585 1040 2662 expedito
1071 2591 1172 2662 patet;

164 2689 226 2728 non
250 2671 329 2728 enim
352 2671 441 2730 aliter
462 2671 540 2729 finiri
570 2677 682 2748 potest,
716 2691 815 2746 neque
844 2688 1002 2729 mensuras
1031 2671 1175 2729 itinerum

164 2763 324 2814 noverunt.
371 2755 476 2814 Oritur
499 2758 536 2814 ab
559 2755 771 2816 Helvetiorum
794 2763 825 2815 et
847 2756 1011 2815 Nemetum
1038 2763 1069 2815 et
1091 2757 1173 2814 Rau-

165 2860 306 2900 racorum
328 2839 441 2900 finibus
464 2848 610 2916 rectaque
632 2841 766 2900 fluminis
789 2840 924 2900 Danubii
951 2843 1075 2919 regione
1104 2862 1173 2918 per-

126 2996 129 3003 ,
164 2924 244 2984 tinet
266 2925 305 2984 ad
328 2925 404 2985 fines
427 2927 582 2985 Dacorum
605 2936 635 2985 et
657 2927 833 3001 Anartium;
865 2927 935 2985 hine
960 2946 993 2985 se
1015 2926 1111 2985 flectit
1134 2927 1174 2984 si·

165 3011 334 3069 nistrorsus
369 3012 499 3072 diversis
530 3013 567 3070 ab
597 3011 719 3070 flumine
750 3011 926 3089 regionibus
948 3012 1173 3084 multarumque

164 3097 301 3171 gentium
323 3094 400 3155 fines
423 3104 548 3174 propter
560 3098 800 3174 magnitudinem
818 3097 954 3172 attingit;
974 3116 1072 3171 neque
1091 3095 1172 3170 quis·

165 3199 256 3255 quam
279 3188 327 3240 est
349 3182 441 3258 hujus
455 3183 637 3257 Germaniae,
662 3183 714 3258 qui
737 3203 771 3241 se
794 3188 846 3240 aut
869 3181 970 3240 adisse
994 3182 1034 3240 ad
1055 3181 1174 3239 initium

165 3264 232 3341 ejus
256 3267 343 3327 silvae
366 3267 457 3342 dieat,
482 3288 574 3343 quum
597 3268 714 3326 dierum
736 3269 796 3325 iter
812 3267 873 3324 LX
889 3266 1084 3343 processerit,
1109 3274 1171 3340 ant,

165 3369 225 3425 quo
249 3372 286 3410 ex
307 3352 375 3411 loco
399 3354 522 3427 oriatur,
547 3354 709 3430 acceperit.
755 3353 913 3426 Multaque
941 3353 973 3410 in
1002 3373 1038 3412 ea
1059 3372 1173 3429 genera

164 3434 300 3496 ferarum
321 3438 407 3497 nasei
431 3446 566 3512 constat,
596 3458 664 3514 quae
694 3438 821 3513 reliquis
850 3439 882 3495 in
911 3438 986 3496 locis
1014 3438 1083 3498 visa
1111 3458 1170 3496 non

164 3521 241 3595 sint;
276 3542 314 3582 ex
348 3523 468 3599 quibus,
503 3544 571 3599 quae
605 3524 735 3582 maxime
759 3522 904 3582 differant
938 3524 976 3581 ab
1007 3524 1118 3582 ceteris
1142 3528 1172 3579 et

163 3609 318 3667 memoriae
341 3609 499 3685 prodenda
521 3609 693 3684 rideantur,
717 3610 784 3667 haec
808 3617 887 3668 sunt.

250 3693 371 3753 XXVI.
406 3695 465 3753 Est
486 3696 543 3753 bos
566 3695 649 3754 cervi
671 3693 778 3772 figura,
803 3694 891 3770 cujus
917 3715 935 3752 a
953 3692 1053 3750 media
1071 3690 1171 3748 fronte

163 3777 244 3836 inter
267 3772 356 3839 aures
384 3799 477 3837 unum
506 3799 601 3838 cornu
628 3780 733 3840 existit
761 3780 912 3839 excelsius
939 3777 1098 3853 magisque
1127 3775 1171 3833 di-

163 3869 283 3921 rectum
315 3865 364 3939 iis,
401 3885 469 3940 quae
503 3865 591 3924 nobis
613 3873 686 3924 nota
709 3874 791 3941 sunt,
826 3864 977 3924 cornibus
1029 3861 1079 3918 Ab
1103 3859 1170 3936 ejus

164 3965 281 4007 summo
304 3949 385 4009 sicut
406 3950 515 4028 palmae
537 3950 674 4026 ramique
702 3951 764 4010 late
786 3949 1007 4015 diffunduntur.
1052 3946 1170 4006 Eadem
