2670 4456
574 262 694 316 ninna
714 263 763 318 iv.
1125 273 1165 330 es

166 459 219 517 illa
240 457 299 517 fuit
315 457 497 534 justissima,
521 457 612 533 quod,
643 479 735 533 quum
762 459 881 518 videret
909 460 1075 519 Germanos
1103 467 1166 519 tam

166 543 256 603 facile
278 543 402 621 impelli,
425 551 459 601 ut
480 544 512 601 in
530 544 661 602 Galliam
681 544 829 620 venirent,
854 546 918 604 suis
937 565 1056 622 quoque
1072 547 1165 605 rebus
1215 544 1218 549 ’

168 650 219 689 eos
242 629 348 688 timere
360 629 465 702 voluit,
490 649 583 705 quum
604 630 809 706 intelligerent
833 637 863 689 et
884 651 976 708 posse
999 639 1030 691 et
1053 632 1165 691 audere

166 716 270 794 populi
302 715 431 775 Romani
465 715 631 774 exercitum
662 716 802 774 Rhenum
834 718 973 776 transire.
1024 718 1166 777 Accessit

65 808 68 813 '
167 802 267 875 etiam,
287 801 368 877 quod
384 801 437 859 illa
453 821 525 879 pars
544 801 698 876 equitatus
716 801 878 879 Usipetum
896 810 926 861 et
938 804 1163 879 Tencterorum,

167 909 256 963 quam
276 907 368 965 supra
380 887 612 948 commemoravi
623 887 782 964 praedandi
795 887 1059 964 frumentandique
1072 910 1165 949 causa

165 973 285 1032 Mosam
312 973 460 1032 transisse
488 993 587 1048 neque
615 974 723 1050 proelio
754 973 938 1047 interfuisse,
968 982 1038 1051 post
1060 975 1165 1052 fugam

166 1079 289 1118 suorum
311 1078 344 1118 se
368 1065 452 1116 trans
475 1059 617 1117 Rhenum
639 1059 670 1117 in
692 1058 768 1118 fines
782 1059 1018 1136 Sugambrorum
1040 1081 1163 1139 recepe-

164 1153 213 1204 rat
236 1165 330 1220 seque
354 1164 421 1203 eum
442 1144 479 1202 iis
503 1144 709 1221 conjunxerat.
761 1145 811 1203 Ad
840 1166 916 1221 quos
945 1166 1038 1220 quum
1062 1145 1164 1205 Oaesar

164 1231 287 1289 nuntios
309 1231 452 1305 misisset,
477 1231 528 1305 qui
550 1232 750 1308 postularent,
774 1251 843 1306 eos,
874 1232 925 1307 qui
955 1232 1013 1290 sibi
1043 1232 1163 1291 Galhae·

166 1337 224 1392 que
265 1316 378 1375 bellum
410 1317 601 1390 intulissent,
638 1316 697 1375 sibi
731 1317 892 1392 dederent,
926 1317 1161 1395 responderunt:

164 1403 273 1480 Populi
299 1402 430 1460 Romani
457 1402 616 1479 imperium
644 1403 785 1461 Rhenum
818 1402 920 1477 finire,
952 1404 978 1461 si
1007 1423 1040 1462 se
1068 1405 1162 1464 invito

166 1489 334 1548 Germanos
362 1487 393 1545 in
417 1487 546 1546 Galliam
574 1489 703 1546 transire
737 1509 797 1547 non
826 1509 945 1564 aequum
968 1490 1162 1565 existimaret,

165 1596 219 1633 cur
242 1574 289 1632 sui
312 1573 473 1648 quicquam
496 1593 563 1632 esse
585 1574 705 1651 imperii
727 1582 779 1632 aut
800 1576 962 1652 potestatis
984 1576 1162 1634 transRhe-

164 1681 236 1719 num
257 1659 446 1737 postularet?
491 1659 564 1717 Ubii
586 1665 695 1734 autem,
721 1660 772 1735 qui
794 1661 846 1718 uni
868 1681 906 1719 ex
922 1661 1162 1719 Transrhenanis

165 1746 204 1806 ad
228 1745 379 1804 Gaesarem
399 1745 518 1821 legatos
539 1745 694 1820 miserant,
717 1746 879 1804 amicitiam
905 1746 1051 1821 fecerant,
1082 1748 1162 1805 obsi-

165 1832 220 1890 des
243 1831 398 1904 dederant,
422 1851 605 1908 magnopere
629 1832 764 1904 orabant,
787 1839 822 1889 ut
843 1833 902 1890 sibi
930 1832 1073 1891 auxilium
1102 1832 1162 1891 fer·

164 1926 220 1992 ret,
252 1916 332 1992 quod
365 1917 500 1993 graviter
528 1918 566 1975 ab
596 1916 705 1977 Svevis
737 1919 962 1995 premerentur3
997 1919 1047 1978 vel
1077 1919 1104 1977 si
1131 1919 1163 1977 id

164 2003 266 2062 facere
289 2002 537 2079 occupationibus
566 2003 610 2061 rei
638 2004 768 2080 publicae
797 2005 1019 2081 prohiberetur,
1048 2006 1161 2064 exerci-

163 2098 228 2148 tum
250 2089 338 2147 modo
367 2088 508 2146 Rhenum
535 2096 772 2167 transportaret;
802 2090 834 2148 id
864 2091 922 2148 sibi
951 2090 990 2148 ad
1019 2091 1162 2148 auxilium

164 2195 309 2254 spemque
342 2174 449 2249 reliqui
482 2175 628 2252 temporis
662 2176 736 2234 satis
771 2175 921 2250 futurum,
952 2183 1070 2234 tantum
1094 2195 1161 2234 esse

163 2281 273 2319 nomen
296 2267 387 2335 atque
418 2260 588 2337 opinionem
611 2260 678 2336 ejus
708 2262 857 2319 exercitus
888 2261 1042 2320 Ariovisto
1071 2261 1159 2338 pulso

162 2354 193 2407 et
215 2347 272 2405 hoc
293 2345 459 2406 novissimo
486 2346 594 2423 proelio
623 2345 720 2420 facte,
751 2347 840 2405 etiam
870 2346 908 2404 ad
937 2346 1060 2404 ultimas
1085 2346 1159 2404 Ger-

161 2453 318 2491 manorum
340 2431 488 2506 nationes,
511 2432 556 2489 uti
584 2432 723 2508 opinione
751 2439 781 2489 et
810 2431 942 2490 amicitia
971 2431 1076 2509 populi
1097 2432 1159 2490 Ro-

163 2519 242 2578 mani
269 2518 328 2577 tuti
357 2537 425 2576 esse
452 2524 587 2595 possent.
643 2516 775 2577 Navium
802 2538 943 2594 magnam
977 2518 1094 2595 copiam
1122 2518 1160 2576 ad

160 2603 428 2681 transportandum
452 2603 616 2662 exercitum
637 2603 867 2680 pollicebantur.

246 2688 353 2749 XVII.
400 2688 504 2748 Caesar
533 2689 581 2747 his
600 2688 642 2747 de
666 2689 783 2764 causis,
813 2709 888 2765 quas
918 2690 1159 2764 commemoravi,

161 2777 302 2834 Rhenum
324 2775 454 2833 transire
477 2775 668 2850 decreverat,
693 2775 749 2834 sed
769 2777 899 2836 navibus
916 2776 1046 2834 transire
1062 2795 1160 2850 neque

162 2862 238 2921 satis
260 2868 359 2919 tutum
383 2879 450 2919 esse
474 2862 686 2936 arbitrabatur,
715 2882 815 2937 neque
845 2881 908 2921 suae
936 2881 1035 2936 neque
1057 2861 1161 2938 populi

161 2948 293 3006 Romani
315 2946 472 3023 dignitatis
496 2967 563 3005 esse
587 2948 750 3005 statuebat.
801 2948 927 3022 Itaque,
957 2947 1015 3005 etsi
1045 2966 1161 3004 summa

163 3032 328 3092 difficultas
350 3031 482 3090 faciendi
504 3033 606 3109 pontis
628 3034 854 3110 proponebatur
880 3039 1005 3110 propter
1027 3031 1160 3089 latitudi-

162 3140 240 3194 nem,
263 3117 456 3195 rapiditatem
480 3118 730 3194 altitudinemque
759 3117 902 3193 fluminis,
925 3125 1026 3176 tamen
1048 3116 1080 3174 id
1103 3116 1161 3175 sibi

164 3203 407 3263 contendendum
442 3211 493 3261 aut
527 3204 614 3262 ahter
646 3225 707 3262 non
740 3203 961 3262 traducendum
995 3203 1161 3262 exercitum

164 3290 364 3350 existimabat.
420 3290 582 3348 Rationem
615 3290 716 3366 pontis
750 3289 829 3347 hano
868 3290 1008 3349 instituit.
1064 3290 1162 3366 Tigna

160 3377 233 3435 bina
255 3374 488 3451 sesquipedalia,
517 3377 640 3453 paulum
669 3376 707 3433 ab
738 3375 797 3434 imo
825 3383 994 3453 praeacuta,
1026 3375 1162 3433 dimensa

163 3463 202 3521 ad
225 3461 414 3519 altitudinem
435 3459 577 3536 fluminis,
600 3460 759 3520 intervallo
788 3462 899 3539 pedum
930 3462 1056 3520 duorum
1083 3461 1162 3518 inter

163 3568 197 3607 se
223 3547 381 3624 jrmgebat.
432 3547 509 3605 Haec
539 3567 631 3622 quum
660 3547 933 3606 machinationibus
968 3547 1102 3603 immissa
1130 3545 1161 3602 in

162 3633 274 3691 flumen
297 3631 443 3690 defixerat
464 3632 641 3707 fistucisque
664 3633 818 3709 adegerat,
841 3654 901 3692 non
925 3632 1049 3691 sublicae
1071 3629 1160 3688 modo

164 3719 278 3789 directe
302 3718 341 3776 ad
362 3718 628 3795 perpendiculum,
663 3718 718 3778 sed
751 3739 845 3796 prone
874 3739 909 3777 ao
937 3717 1098 3792 fastigato,
1128 3722 1162 3772 ut

164 3804 330 3864 secundum
352 3810 491 3861 naturam
512 3802 643 3861 fluminis
666 3806 914 3882 procumberent,
937 3803 974 3861 iis
996 3802 1069 3859 item
1092 3820 1161 3859 con·
1244 3846 1247 3856 .

163 3889 258 3949 traria
280 3889 349 3964 duo,
374 3889 413 3946 ad
436 3889 565 3947 eundem
587 3890 710 3948 modum
728 3890 845 3966 juncta,
869 3887 1027 3947 intervallo
1050 3887 1161 3964 pedum

164 3975 390 4052 quadragenum
412 3976 449 4033 ab
472 3973 614 4034 inferiore
636 3983 723 4052 parte
746 3982 851 4034 eontra
872 3974 933 4035 vim
956 3980 1047 4050 atque
1068 3974 1161 4051 impe-
