2670 4456
518 1065 702 1147 LIBER
732 1065 782 1147 V.

150 1187 258 1300 Lucio
291 1239 443 1313 Domitio,
480 1238 581 1318 Appio
619 1237 746 1297 Claudio
787 1239 963 1298 consulibus
998 1238 1159 1299 discedens

150 1325 188 1385 ab
211 1326 347 1385 hibernis
372 1324 476 1384 Oaesar
497 1325 529 1383 in
551 1325 682 1398 Italiam,
706 1333 741 1383 ut
763 1324 925 1400 quotannis
953 1324 1057 1384 facere
1088 1345 1158 1384 con·

150 1419 263 1487 sverat,
286 1411 397 1489 legatis
419 1411 558 1489 imperat,
582 1430 659 1486 quos
682 1410 853 1487 legionibus
876 1408 1073 1488 praefecerat,
1102 1411 1157 1485 uti,

150 1517 240 1573 quam
261 1497 407 1576 plurimas
430 1503 566 1574 possent,
597 1497 696 1555 hieme
725 1516 820 1556 naves
851 1494 1047 1555 aedificaudas
1074 1504 1158 1556 vete·

148 1603 260 1660 resque
283 1582 464 1643 reficiendas
488 1590 638 1642 curarent.
684 1582 799 1640 Earum
822 1582 945 1641 modum
967 1581 1157 1658 formamque

150 1668 346 1729 demonstrat.
402 1667 452 1726 Ad
487 1669 673 1728 celeritatem
708 1666 853 1726 onerandi
887 1668 1159 1743 subductionisque

148 1756 241 1832 paulo
263 1754 340 1814 facit
361 1754 548 1830 humiliores,
573 1774 664 1830 quam
687 1753 798 1828 quibus
821 1753 852 1810 in
880 1761 986 1811 nostro
1016 1753 1092 1811 mari
1113 1754 1158 1811 uti

149 1841 372 1915 consuevimus,
403 1846 494 1915 atque
522 1838 555 1898 id
583 1860 618 1899 eo
642 1839 750 1916 magis,
775 1838 1004 1917 quodpropter
1034 1840 1158 1898 crebras

149 1926 399 1986 commutationes
433 1932 563 1985 aestuum
595 1926 696 1985 minus
729 1944 856 2002 magnos
888 1924 931 1984 ibi
957 1923 1071 1984 flnctus
1093 1923 1160 1984 fieri

149 2019 350 2089 cognoverat,
391 2010 430 2070 ad
469 2031 561 2070 onera
594 2032 630 2071 ac
681 2010 905 2071 multitudinem
952 2011 1160 2088 jumentorum

147 2096 415 2177 transportandam
436 2098 528 2176 paulo
550 2098 685 2173 latiores,
715 2118 807 2173 quam
834 2098 945 2173 quibus
973 2098 1005 2156 in
1033 2097 1159 2172 reliquis

148 2185 261 2243 utimur
293 2183 438 2244 maribus
494 2183 562 2242 Has
596 2204 701 2243 omnes
735 2184 887 2243 actuarias
920 2183 1050 2260 imperat
1081 2181 1157 2255 fieri,

149 2289 238 2345 quam
268 2269 308 2329 ad
335 2289 401 2329 rem
423 2270 552 2328 multum
570 2269 725 2328 humilitas
745 2268 880 2345 adjuvat.
915 2268 972 2342 Ea,
997 2287 1064 2343 quae
1089 2275 1160 2326 sunt

148 2356 217 2415 usui
240 2355 279 2414 ad
302 2355 463 2415 armandas
491 2374 603 2431 naves,
632 2376 670 2413 ex
697 2354 848 2432 Hispania
878 2353 1034 2431 apportari
1057 2353 1156 2428 jubet.
1191 2391 1196 2403 ι

148 2441 223 2520 Ipse
246 2441 447 2501 conventibus
472 2441 581 2500 Galliae
605 2440 754 2499 citerioris
782 2439 916 2518 peractis
943 2438 975 2496 in
998 2438 1158 2516 Illyricum

148 2526 362 2605 proficiscitur,
393 2527 474 2602 quod
503 2547 520 2585 a
548 2527 679 2584 Pirustis
702 2524 861 2584 finitimam
887 2531 1007 2604 partem
1035 2524 1157 2603 provin-

149 2613 204 2672 ciae
225 2612 450 2672 incursionibus
471 2612 588 2673 vastari
616 2612 769 2670 audiebat.
820 2612 866 2670 Eo
896 2631 989 2687 quum
1011 2611 1157 2685 venisset,

150 2699 326 2760 civitatibus
359 2698 472 2757 milites
500 2700 631 2776 imperat
659 2706 836 2773 certumque
863 2697 895 2756 in
923 2698 1024 2757 locum
1048 2717 1157 2757 conve-

147 2784 214 2844 nire
231 2784 332 2861 jubet.
387 2783 455 2855 Qua
482 2804 516 2843 re
542 2783 683 2844 nuntiata
710 2779 842 2843 Pirustae
878 2784 996 2861 legatos
1027 2783 1159 2842 adeum

148 2870 281 2945 mittunt,
306 2870 358 2946 qui
381 2870 511 2929 doceant
532 2870 607 2929 nihil
629 2890 733 2929 earum
760 2890 863 2929 rerum
891 2870 1013 2947 publico
1042 2856 1179 2928 factum⁴

148 2956 292 3030 consilio,
332 2975 463 3031 seseque
496 2963 621 3034 paratos
663 2975 732 3015 esse
772 2956 983 3014 demonstrant
1017 2955 1158 3013 omnibus

148 3041 317 3101 rationibus
356 3041 395 3100 de
432 3041 552 3118 injuriis
586 3041 775 3101 satisfacere.
832 3041 983 3118 Percepta
1022 3039 1158 3098 oratione

150 3145 253 3186 eorum
283 3126 387 3186 Caesar
416 3127 539 3187 obsides
566 3128 697 3206 imperat
730 3146 844 3201 eosque
874 3125 914 3183 ad
941 3132 1057 3184 certam
1080 3124 1159 3184 diem

150 3211 261 3272 adduci
279 3213 383 3289 jubet;
407 3212 467 3272 nisi
488 3213 533 3272 ita
554 3212 695 3287 fecerint,
720 3231 789 3271 sese
811 3211 891 3270 bello
911 3210 1068 3271 civitatem
1089 3232 1158 3289 per-

149 3307 326 3357 secuturum
349 3298 547 3358 demonstret.
583 3299 628 3358 iis
651 3299 690 3357 ad
719 3297 800 3356 diem
823 3296 975 3371 adductis,
1009 3304 1044 3356 ut
1065 3298 1158 3375 impe-

147 3391 280 3459 raverat,
304 3383 436 3443 arbitros
458 3384 538 3444 inter
560 3384 703 3445 civitates
725 3383 787 3458 dat,
812 3383 864 3460 qui
892 3383 978 3442 litem
1006 3384 1160 3442 aestiment

148 3489 332 3547 poenamque
356 3470 553 3529 constituant.

226 3555 281 3622 Π.
333 3555 393 3614 His
421 3554 571 3615 confectis
601 3556 694 3613 rebus
729 3554 991 3629 conventibusque
1025 3553 1159 3631 peractis
1264 3562 1268 3568 '

148 3640 181 3700 in
203 3641 376 3700 citeriorem
405 3640 537 3700 Galliam
565 3640 731 3700 revertitur
760 3647 851 3716 atque
878 3639 950 3698 inde
978 3638 1017 3697 ad
1045 3637 1159 3697 exerci-

150 3724 442 3804 tumproficiscitur.
477 3726 524 3785 Eo
543 3747 636 3802 quum
658 3726 805 3802 venisset,
830 3724 995 3784 circumitis
1019 3723 1159 3781 omnibus

149 3810 285 3871 hibernis
309 3811 457 3889 singulari
478 3812 608 3871 militum
630 3810 732 3871 studio
755 3811 786 3869 in
817 3829 935 3869 summa
958 3808 1091 3867 omnium
1113 3828 1160 3866 re-

149 3917 217 3955 rum
244 3897 348 3976 inopia
376 3897 497 3956 circiter
526 3896 582 3956 Do
605 3897 673 3974 ejus
696 3897 828 3974 generis,
868 3894 956 3971 cujus
985 3912 1079 3972 supra
1108 3894 1159 3952 de·

124 3983 395 4060 monstravimus,
418 4001 514 4044 naves
537 3990 569 4043 et
589 3983 698 4060 longas
715 3980 865 4042 XXVIII
887 3979 1004 4039 invenit
1026 3979 1158 4040 instruc·
