2670 4456
161 274 202 332 26
478 265 531 355 DE
549 263 677 318 BELLO
698 263 876 327 GALLIOO,

158 482 220 539 quo
252 462 284 520 in
316 461 383 521 loco
413 459 557 520 Germani
585 459 796 534 consederant,
830 458 952 518 circiter
979 479 1090 537 passus
1121 480 1190 519 sex-

162 555 266 609 centos
301 549 339 606 ab
372 546 425 621 iis,
466 546 576 605 castris
610 546 752 605 idoneum
785 546 885 604 locum
919 545 1033 623 delegit
1065 547 1190 622 acieque

161 633 273 712 triplici
306 634 455 692 instructa
482 631 522 691 ad
536 640 618 690 'eum
645 633 746 690 locum
775 632 867 691 venit.
924 631 1056 690 Primam
1086 640 1116 691 et
1144 652 1190 692 se-

162 720 292 780 cundam
330 718 426 778 aciem
463 718 494 776 in
535 717 627 776 armis
662 737 746 791 esse,
785 717 906 775 tertiam
941 724 1041 776 castra
1073 719 1191 777 munire

159 805 261 883 jussit.
311 805 371 863 Hic
394 805 480 863 locus
503 805 540 863 ab
563 804 652 862 hoste
676 803 797 862 circiter
819 822 929 880 passus
953 811 1123 879 sexcentos,
1149 804 1193 862 uti

163 892 277 951 dictum
300 897 356 966 est,
380 892 494 949 aberat.
551 889 597 948 Eo
628 889 749 948 circiter
775 889 929 947 hominum
958 909 1081 948 numero
1105 889 1191 949 sede·

163 979 221 1038 cim
248 976 331 1035 milia
358 975 499 1054 expedita
527 996 595 1034 cum
623 976 703 1034 omni
733 975 869 1050 equitatu
896 975 1070 1034 Ariovistus
1100 976 1192 1048 misit,

164 1083 232 1139 quae
265 1062 360 1140 copiae
398 1069 520 1120 nostros
553 1069 759 1139 perterrerent
793 1067 823 1119 et
855 1061 1020 1119 munitione
1053 1062 1193 1139 prohibe-

163 1157 240 1208 rent.
296 1147 398 1208 Nihilo
433 1148 531 1206 secius
562 1146 676 1222 Caesar,
710 1153 745 1206 ut
773 1155 843 1205 ante
872 1147 1081 1223 constituerat,
1117 1148 1193 1207 duas

164 1235 245 1294 acies
278 1234 397 1293 hostem
425 1233 614 1310 propulsare,
649 1232 770 1292 tertiam
789 1252 879 1310 ¹opus
912 1231 1059 1310 perficere
1088 1233 1193 1309 jussit.

164 1320 290 1379 Munitis
329 1319 438 1378 castris
477 1319 553 1377 duas
594 1320 637 1378 ibi
675 1319 810 1396 legiones
849 1318 971 1394 reliquit
1010 1325 1041 1377 et
1078 1326 1196 1396 partem

166 1406 357 1478 auxiliorum
383 1412 524 1480 quattuor
545 1405 679 1480 reliquas
701 1405 733 1463 in
756 1412 857 1463 castra
878 1404 994 1480 majora
1015 1404 1145 1465 reduxit.

251 1491 287 1550 L.
343 1490 483 1550 Proximo
523 1490 572 1549 die
610 1491 749 1550 instituto
790 1510 844 1549 suo
885 1490 989 1549 Caesar
1028 1510 1044 1548 e
1086 1490 1196 1550 castris

165 1577 304 1652 utrisque
343 1577 447 1654 copias
488 1596 559 1634 suas
599 1576 718 1652 eduxit,
757 1577 941 1654 paulumque
980 1597 998 1634 a
1031 1576 1197 1653 majoribus

167 1663 277 1722 castris
310 1682 492 1740 progressus
532 1663 628 1721 aciem
665 1662 822 1735 instruxit;
863 1662 1002 1722 hostibus
1041 1662 1198 1741 pugnandi

166 1755 349 1827 potestatem
391 1747 475 1807 fecit.
541 1749 603 1808 Ubi
646 1768 684 1808 ne
723 1756 788 1809 tum
826 1748 948 1822 quidem
986 1769 1037 1808 eos
1075 1748 1198 1826 prodire

166 1835 325 1910 intellexit,
361 1834 481 1893 circiter
508 1834 664 1892 meridiem
693 1834 858 1893 exercitum
884 1835 916 1892 in
945 1842 1046 1893 castra
1067 1834 1197 1893 reduxit.

168 1920 245 1978 Tum
278 1920 398 1979 demum
425 1919 599 1979 Ariovistus
629 1927 746 1997 partem
777 1939 899 1978 suarum
933 1921 1096 1999 copiarum,
1131 1939 1198 1995 quae

168 2012 270 2064 castra
312 2006 428 2064 minora
472 2013 677 2082 oppugnaret,
728 2005 820 2064 misit.
892 2006 1015 2065 Acriter
1057 2005 1199 2080 utrinque

168 2112 265 2167 usque
298 2091 338 2150 ad
369 2109 532 2168 vesperum
559 2098 726 2169 pugnatum
754 2099 810 2150 est.
867 2091 946 2150 Solis
982 2112 1094 2151 occasu
1128 2110 1199 2150 suas

170 2178 273 2254 copias
306 2176 479 2236 Ariovistus
518 2177 621 2236 multis
663 2184 693 2236 et
730 2176 824 2236 illatis
863 2184 893 2236 et
927 2179 1061 2255 acceptis
1095 2177 1199 2237 vulne-

168 2264 253 2322 ribus
286 2263 318 2321 in
351 2269 453 2322 castra
485 2262 616 2322 reduxit.
681 2262 781 2333 Quum
814 2283 851 2322 ex
886 2264 1015 2340 captivis
1051 2270 1201 2339 quaereret

171 2348 288 2425 Caesar,
330 2369 420 2425 quam
459 2350 496 2408 ob
537 2369 601 2408 rem
641 2348 816 2409 Ariovistus
856 2349 963 2427 proelio
1002 2370 1063 2407 non
1096 2349 1200 2408 decer-

170 2442 265 2511 taret,
305 2435 382 2494 hanc
415 2435 588 2512 reperiebat
622 2455 759 2511 causam,
800 2435 881 2511 quod
916 2435 997 2513 apud
1031 2434 1200 2494 Germanos

171 2541 206 2579 ea
240 2520 426 2580 consuetudo
455 2529 545 2597 esset,
580 2528 614 2579 ut
641 2530 754 2581 matres
782 2519 904 2579 familia
934 2541 1037 2580 eorum
1067 2521 1200 2579 sortibus

171 2613 201 2665 et
240 2605 507 2665 vaticinationibus
548 2607 753 2682 declararent,
798 2614 900 2665 utrum
938 2607 1077 2684 proelium
1122 2626 1200 2665 com-

169 2691 262 2750 mittti
297 2710 334 2749 ex
362 2710 421 2748 usu
450 2699 540 2766 esset,
574 2711 684 2766 necne;
722 2711 773 2751 eas
801 2693 845 2750 ita
873 2691 988 2751 dicere:
1034 2692 1105 2751 Non
1133 2711 1202 2751 esse

170 2776 218 2834 fas
252 2776 419 2834 Germanos
454 2795 613 2854 superare,
654 2777 681 2836 si
714 2785 784 2836 ante
816 2797 925 2838 novam
959 2778 1060 2836 lunam
1093 2777 1201 2855 proelio

172 2861 410 2921 contendissent.

257 2948 311 3007 Ll.
366 2947 519 3008 Postridie
553 2948 619 3025 ejus
654 2949 714 3009 diei
749 2948 852 3007 Caesar
885 2949 1029 3026 praesidio
1063 2949 1203 3024 utrisque

173 3034 291 3109 castris,
324 3033 404 3109 quod
432 3035 507 3093 satis
535 3054 603 3093 esse
626 3035 726 3095 visum
748 3042 804 3109 est,
833 3035 969 3109 reliquit;
1005 3054 1109 3093 omnes
1141 3035 1202 3093 ala-

171 3121 233 3178 rios
265 3120 298 3178 in
331 3127 497 3196 conspectu
535 3121 667 3179 hostium
699 3141 754 3198 prc
790 3121 898 3179 castris
932 3121 1097 3178 minoribus
1133 3140 1203 3179 con-

173 3205 285 3280 stituit,
326 3205 407 3279 quod
440 3206 538 3265 minus
572 3206 764 3265 multitudine
803 3207 930 3264 militum
971 3206 1204 3282 legionariorum

172 3310 227 3369 pro
266 3290 399 3348 hostium
437 3312 560 3351 numero
600 3294 732 3367 valebat,
776 3299 811 3350 ut
853 3291 893 3350 ad
932 3293 1065 3369 speciem
1099 3291 1203 3350 alariis

172 3383 324 3450 uteretur;
366 3377 432 3453 ipse
472 3377 585 3454 triplici
616 3379 767 3437 instructa
800 3378 865 3437 acie
899 3397 995 3452 usque
1031 3378 1070 3436 ad
1104 3385 1205 3437 castra

172 3461 305 3520 hostium
349 3463 488 3522 accessit.
555 3464 633 3522 Tum
677 3464 796 3522 demum
839 3463 1013 3522 necessario
1060 3463 1205 3522 Germani

121 3573 126 3581 ·
174 3567 246 3607 suas
270 3547 374 3625 copias
397 3549 506 3607 castris
530 3549 699 3608 eduxerunt
721 3550 948 3626 generatimque
972 3549 1204 3619 constituerunt,

172 3635 297 3711 paribus
341 3634 510 3693 intervallis
554 3635 711 3710 Harudes,
756 3636 1002 3709 Marcomannos,
1048 3636 1231 3709 TriboceS„

174 3719 365 3796 Vangiones,
415 3720 574 3796 Nemetes,
628 3720 789 3798 Seducios,
840 3721 972 3795 Suevos,
1029 3741 1206 3797 omnemque

174 3805 270 3864 aciem
309 3826 395 3864 suam
432 3806 515 3865 redis
549 3816 580 3866 et
614 3807 708 3865 carris
743 3807 1022 3882 circumdederunt,
1067 3827 1106 3866 ne
1146 3827 1206 3882 qua

174 3909 245 3968 spes
279 3891 310 3948 in
343 3884 416 3968 fuga
448 3892 678 3968 relinqueretur.
734 3892 780 3951 Eo
813 3893 955 3952 mulieres
986 3893 1204 3971 imposuerunt,
