2670 4456
563 222 684 278 LIBER
706 224 766 280 VII.
1105 238 1165 294 155

166 415 301 476 strandis
344 418 453 477 morati
496 419 582 497 prius
616 439 689 479 suos
729 420 909 482 discessisse
949 433 1166 502 cognoverunt,
1258 480 1263 491 ,

166 520 258 576 quam
285 504 501 564 munitionibus
531 506 816 584 appropinquarent.
873 509 924 568 Ita
945 530 978 568 re
1000 509 1115 570 infecta
1137 511 1168 568 in

168 588 314 666 oppidum
336 597 537 650 reverterunt.

253 675 440 735 LXXXIII.
474 677 530 735 Bis
541 697 651 755 magno
670 697 738 737 cum
749 678 930 740 detrimento
949 681 1065 758 repulsi
1077 680 1169 757 Galli,

170 762 243 837 quid
275 768 376 839 agant,
411 762 588 838 consulunt3
623 763 758 824 locorum
790 765 906 843 peritos
940 766 1100 841 adhibent,
1133 787 1170 826 ex

170 848 209 907 iis
243 848 432 926 superiorum
466 856 634 909 castrorum
669 850 747 910 situs
780 851 1024 928 munitionesque
1059 872 1170 930 cogno·

167 940 264 994 scunt.
299 934 375 992 Erat
397 955 415 992 a
437 935 694 1013 septentrionibus
718 937 814 1012 solbs,
838 957 928 1012 quem
944 945 1069 1017 propter
1086 959 1170 1015 mag-

168 1020 335 1079 nitudinem
369 1021 513 1080 circuitus
548 1041 639 1099 opere
676 1023 882 1101 circumplecti
915 1044 976 1083 nen
1008 1031 1171 1102 potuerant

167 1106 273 1180 nostri,
307 1108 540 1183 necessarioque
573 1128 660 1185 paene
693 1109 796 1184 iniquo
829 1109 896 1168 loco
925 1116 956 1168 et
988 1110 1097 1169 leniter
1119 1109 1170 1168 de·

169 1192 239 1252 clivi
262 1199 364 1251 castra
385 1192 531 1253 fecerant.
577 1194 653 1254 Haec
678 1194 715 1254 G.
738 1195 892 1254 Antistius
914 1196 1053 1273 Reginus
1077 1203 1108 1255 et
1132 1195 1169 1254 G.

169 1278 313 1338 Caninius
335 1278 464 1338 Rebilus
487 1279 581 1356 legati
612 1301 680 1339 cum
709 1280 828 1340 duabus
855 1281 1027 1359 legionibus
1056 1283 1171 1340 obtine·

167 1366 250 1424 bant.
297 1363 433 1441 Cognitis
467 1387 522 1443 per
556 1367 763 1444 exploratores
797 1368 972 1445 regionibus
1003 1367 1096 1427 duces
1118 1368 1171 1426 ho-

168 1451 260 1510 stium
282 1450 343 1508 LX
364 1451 446 1510 111111
469 1471 506 1510 ex
529 1452 611 1510 omni
633 1473 757 1512 numero
781 1453 919 1530 deligunt
942 1474 1044 1514 earum
1067 1454 1171 1513 civita-

168 1544 241 1611 tum,
266 1556 333 1611 quae
357 1538 517 1596 maximam
547 1538 670 1598 virtutis
699 1539 871 1616 opinionem
897 1540 1066 1614 habebant;
1098 1540 1171 1615 quid

170 1642 289 1698 quoqne
311 1630 401 1699 pecto
426 1625 476 1702 agi
497 1623 627 1701 placeat,
652 1624 770 1684 occulte
792 1621 872 1684 11111
901 1645 935 1684 10
965 1626 1169 1698 constituunt;

169 1708 300 1768 adeundi
322 1717 443 1786 tempus
466 1709 621 1785 definiunt,
646 1731 739 1786 quum
762 1710 904 1770 meridies
928 1731 998 1771 esse
1020 1711 1170 1771 videatur.

169 1795 227 1854 His
244 1794 339 1873 copiis
352 1795 671 1855 Vercassivellaunum
682 1797 864 1871 Arvernum,
884 1817 977 1855 unum
995 1817 1032 1856 ex
1050 1804 1173 1872 quattor
1279 1824 1282 1828 ·

170 1881 309 1955 ducibus,
343 1882 546 1959 propinquum
579 1882 849 1960 Vercingetorigis,
884 1881 1064 1961 praeficiunt.
1113 1882 1173 1941 Ille

172 1987 209 2026 ex
238 1967 347 2025 castris
369 1969 467 2045 prima
501 1969 607 2045 vigilia
640 1988 783 2046 egressus
816 1989 911 2047 prope
945 1969 1085 2029 confecto
1116 1969 1172 2028 sub

171 2052 269 2112 lucem
291 2053 398 2112 itinere
421 2063 492 2132 post
520 2062 654 2114 montem
682 2075 716 2114 se
744 2055 910 2115 occultavit
938 2056 1112 2133 militesque
1135 2073 1173 2113 ex

171 2147 317 2197 nocturno
341 2139 444 2200 labore
467 2160 535 2199 sese
559 2140 683 2200 reficere
708 2141 812 2217 jussit.
865 2142 965 2212 Quum
990 2141 1055 2217 jam
1085 2141 1173 2198 meri·

170 2224 236 2283 dies
266 2227 510 2304 appropinquare
537 2227 701 2300 videretur,
731 2227 770 2284 ad
792 2247 828 2287 11
853 2234 963 2301 castra,
987 2246 1054 2301 ques
1081 2245 1174 2303 supra

170 2310 453 2387 demonstravimus,
478 2312 646 2387 contendit,
670 2311 836 2386 eodemque
858 2319 993 2390 tempore
1019 2311 1173 2386 equitatus

173 2397 212 2454 ad
246 2406 448 2475 campestres,
467 2398 649 2457 munitiones
683 2396 829 2456 accedere
864 2404 894 2456 01
926 2397 1052 2473 reliquae
1076 2396 1173 2474 copiae

172 2503 225 2561 pro
250 2483 360 2542 castris
384 2503 452 2542 sese
475 2482 636 2543 ostendere
660 2491 825 2560 coeperunt.

257 2569 438 2629 LXXXIV.
483 2569 715 2646 Vercingetorix
738 2589 775 2628 ex
798 2589 868 2628 1100
880 2568 992 2628 Alesiae
1012 2587 1084 2626 suos
1104 2587 1174 2626 oon-

174 2655 309 2732 spicatus
333 2675 369 2714 ex
393 2655 504 2733 oppido
529 2656 699 2733 egreditur;
730 2675 748 2713 a
776 2655 886 2715 castris
915 2654 1080 2731 longurios,
1109 2674 1173 2712 mu·

173 2741 284 2815 sculos,
312 2740 408 2801 falces
437 2741 629 2818 reliquaque,
663 2761 731 2818 quae
763 2741 930 2819 eruptionis
960 2759 1053 2800 causa
1085 2760 1173 2817 para-

78 2904 80 2909 ,
174 2835 269 2901 verat,
302 2827 429 2905 profert.
474 2829 632 2906 Pugnatur
664 2848 724 2886 unc
757 2835 894 2906 tempore
926 2827 1066 2886 omnibus
1099 2826 1175 2884 locis

174 2914 285 2971 acriter
307 2921 398 2990 atque
421 2915 521 2973 omnia
549 2922 720 2987 tentantur;
756 2933 824 2989 quae
858 2913 980 2971 minime
1013 2912 1081 2972 visa
1102 2930 1175 2988 pars

172 2996 259 3057 firma
281 3006 338 3073 est,
361 3001 421 3059 huc
455 3001 653 3060 concurritur.
709 2999 915 3058 Romanorum
948 3016 1055 3056 manus
1077 2995 1172 3054 tantis

173 3084 389 3144 munitionibus
413 3085 575 3145 distinetur
603 3105 660 3145 nec
687 3083 777 3143 facile
806 3083 943 3162 pluribus
972 3082 1047 3141 locis
1070 3101 1174 3140 occur-

176 3171 224 3228 rit.
270 3171 401 3230 Multum
434 3171 473 3230 ad
505 3171 666 3231 terrendos
699 3177 820 3228 nestros
854 3170 937 3229 valet
970 3167 1092 3242 clamor,
1123 3167 1175 3242 qui

174 3264 245 3333 post
266 3263 385 3334 tergum
407 3258 613 3336 pugnantibus
637 3256 751 3331 extitit,
780 3254 861 3331 quod
890 3274 978 3313 suum
1006 3252 1176 3332 periculum

174 3342 205 3399 in
228 3343 327 3401 aliena
348 3343 454 3403 vident
476 3345 574 3404 salute
597 3349 749 3416 constare,
775 3341 875 3400 omnia
892 3340 972 3398 enim
987 3340 1175 3418 plerumque,

176 3447 244 3503 quae
269 3429 389 3503 absunt,
419 3429 628 3490 vehementius
656 3428 811 3487 hominum
840 3433 958 3486 mentes
985 3426 1175 3503 perturbant.

261 3514 425 3574 LXXXV.
461 3514 565 3575 Caesar
587 3514 728 3574 idoneum
749 3513 850 3572 locum
871 3519 990 3587 nactus,
1015 3509 1173 3586 quidque-

176 3619 235 3675 que
256 3601 288 3660 in
310 3608 397 3678 parte
419 3610 552 3678 geratur,
582 3599 754 3678 cognoscit,
783 3598 994 3658 laborantibus
1017 3593 1175 3667 [subsidia]

178 3687 347 3748 summittit.
398 3686 545 3764 Utrisque
579 3686 618 3745 ad
651 3686 783 3744 smmum
816 3683 949 3744 occurrit
981 3701 1074 3740 unum
1107 3699 1176 3739 esse

177 3772 253 3833 illud
280 3782 414 3851 tempus,
444 3793 503 3849 quc
531 3772 660 3832 maxime
691 3770 833 3830 contendi
862 3767 1032 3829 conveniat.
1085 3765 1175 3840 Galli,

178 3858 238 3917 nisi
259 3858 462 3938 perfregerint
483 3859 675 3932 munitiones,
695 3856 732 3915 de
756 3856 835 3915 omni
865 3855 963 3915 salute
993 3851 1175 3928 desperant;

177 3942 317 4020 Romani,
340 3946 367 4004 si
388 3964 453 4005 rem
475 3944 669 4017 obtinuerint,
692 3941 782 4000 finem
804 3942 941 4000 laborum
964 3938 1096 3997 omnium
1124 3957 1175 3996 ex·
