2670 4456
571 270 691 325 LIBER
710 271 732 324 Ι.
1127 283 1167 339 23

142 487 245 526 eorum
268 466 359 525 sociis
382 465 496 524 bellum
518 464 653 541 inferret,
678 466 802 526 obsides
824 467 982 543 redderet;
1007 469 1033 527 si
1055 470 1170 528 nullam

143 560 262 631 partem
302 552 521 611 Germanorum
562 552 683 611 domum
721 553 874 613 remittere
906 562 1027 632 posset,
1068 565 1099 614 at
1131 576 1188 635 uex

144 658 219 715 quos
243 638 372 716 amplius
394 638 536 697 Rhenum
557 639 687 697 transire
709 646 873 716 pateretur.

228 725 346 784 XLIV.
391 724 568 784 Ariovistus
592 724 632 782 ad
659 725 814 802 postulata
838 724 970 786 Caesaris
997 747 1096 804 pauca
1123 747 1168 786 re-

145 811 282 889 spondit;
307 810 345 869 de
374 810 438 869 suis
469 811 633 871 virtutibus
661 811 756 869 multa
782 811 976 889 praedicavit:
1011 814 1172 872 Transisse

144 897 284 956 Rhenum
318 916 387 956 sese
420 917 481 955 non
516 917 571 955 sua
602 904 720 974 sponte,
754 896 809 956 sed
841 906 981 974 rogatum
1013 907 1045 961 et
1072 919 1172 959 arces-

150 983 242 1041 situm
276 1004 295 1042 a
329 982 441 1057 Gallis;
476 1004 536 1041 non
572 983 637 1042 sine
659 1003 769 1059 magna
803 1003 858 1061 spe
886 985 1067 1061 magnisque
1094 1005 1172 1063 prae-

143 1068 212 1127 miis
264 1069 385 1127 domum
440 1069 687 1146 propinquosque
742 1069 917 1145 reliquisse;
974 1070 1064 1130 sedes
1119 1073 1172 1130 ha-

145 1156 217 1215 bere
258 1155 289 1213 in
330 1154 430 1214 Gallia
470 1156 507 1213 ab
543 1155 617 1232 ipsis
657 1174 835 1230 concessas,
876 1155 999 1215 obsides
1037 1156 1173 1234 ipsorum

145 1242 303 1301 voluntate
345 1241 447 1313 datos3
491 1241 676 1318 stipendium
716 1261 824 1318 capere
861 1241 932 1317 jure
965 1242 1052 1318 belli,
1092 1243 1175 1317 quod

146 1328 279 1387 victores
312 1327 402 1386 victis
437 1327 592 1404 imponere
621 1327 803 1386 consuerint.
859 1328 930 1387 Non
963 1348 1031 1387 sese
1065 1328 1172 1403 Gallis,

146 1412 203 1472 sed
226 1412 331 1472 Gallos
356 1413 414 1471 sibi
436 1413 549 1472 bellum
577 1413 730 1486 intulisse;
763 1433 866 1472 omnes
897 1413 1005 1473 Galliae
1034 1414 1174 1474 civitates

148 1499 188 1558 ad
221 1519 254 1557 se
289 1497 527 1576 oppugnandum
559 1499 682 1557 venisse
716 1518 751 1556 ac
786 1507 892 1558 contra
925 1520 959 1558 se
993 1507 1095 1559 castra
1121 1502 1174 1559 ha-

147 1585 266 1659 buisso3
303 1605 354 1644 eas
389 1604 493 1643 omnes
528 1584 631 1661 copias
661 1605 679 1642 a
709 1604 743 1642 se
770 1606 829 1643 uno
863 1586 969 1663 proelio
1004 1586 1110 1663 pulsas
1139 1606 1175 1644 ao

149 1680 308 1748 superatas
343 1690 420 1729 esse.
478 1669 511 1728 si
542 1671 652 1727 iterum
686 1671 816 1747 experiri
848 1671 958 1745 velint,
1000 1691 1032 1730 se
1065 1673 1176 1730 iterum

149 1764 289 1835 paratum
323 1776 392 1816 esse
426 1756 597 1829 decertare;
639 1756 666 1814 si
700 1775 776 1833 pace
816 1756 861 1815 uti
893 1757 1005 1832 veiint,
1039 1757 1177 1834 iniquum

149 1862 216 1902 esse
248 1843 285 1901 de
309 1841 459 1920 stipendio
493 1861 645 1917 recusare,
681 1841 762 1917 quod
795 1862 851 1901 sua
883 1843 1040 1902 voluntate
1073 1844 1112 1902 ad
1144 1843 1177 1902 id
1254 1856 1257 1861 '

149 1938 269 2006 tempus
308 1927 517 2006 pependerint.
581 1928 757 1986 Amicitiam
806 1928 911 2006 populi
948 1929 1079 1989 Romani
1118 1930 1178 1988 sibi

151 2021 326 2073 ornamento
361 2022 392 2074 et
424 2014 577 2091 praesidi0,
614 2035 675 2073 non
710 2014 891 2074 detrimento
925 2035 993 2074 esse
1028 2022 1176 2093 oportere,

148 2100 241 2176 idque
275 2120 308 2158 se
342 2121 378 2159 ea
412 2120 466 2177 spe
499 2101 625 2177 petisse.
684 2100 717 2158 si
749 2121 804 2178 per
836 2101 982 2178 populum
1004 2101 1176 2160 Romanum

151 2185 335 2263 stipendium
378 2186 551 2245 remittatur
595 2196 626 2245 et
670 2186 805 2245 dediticii
849 2187 1076 2262 subtrahantur,
1115 2207 1176 2246 non

150 2272 249 2330 minus
282 2272 412 2331 libenter
446 2291 515 2331 6666
547 2279 758 2331 recusaturum
795 2273 900 2349 populi
940 2273 1069 2331 Romani
1103 2273 1175 2331 ami-

152 2357 263 2432 citiam,
299 2378 390 2433 quam
408 2355 412 2361 ’
429 2356 617 2435 appetierit!
665 2357 754 2428 Quod
792 2357 1016 2416 multitudinem
1051 2357 1175 2417 Germa-

152 2463 259 2502 norum
292 2444 324 2501 in
359 2443 489 2502 Galliam
523 2443 672 2517 traducat,
706 2443 739 2501 id
771 2462 805 2501 se
838 2443 886 2501 sui
919 2442 1082 2519 muniendi,
1116 2463 1177 2503 non

153 2529 261 2588 Galliae
291 2528 504 2607 impugnandae
540 2549 632 2587 causa
660 2528 776 2602 facore,
812 2528 950 2604 ejus-rei
972 2529 1178 2588 testimonium

152 2634 235 2691 esse,
278 2614 359 2690 quod
390 2616 450 2674 nisi
483 2622 609 2691 rogatus
642 2635 703 2673 non
735 2615 853 2675 venerit
887 2623 917 2673 et
950 2615 1031 2690 quod
1063 2615 1178 2675 bellum

150 2721 211 2759 non
237 2695 398 2775 intulerit,
445 2701 500 2760 sed
540 2700 719 2760 defenderit.
776 2699 815 2759 Se
853 2700 938 2778 prius
981 2700 1013 2759 in
1048 2701 1178 2760 Galliam

152 2787 289 2862 venisse,
341 2808 432 2864 quam
481 2788 628 2865 populum
673 2787 858 2861 Romanum3
909 2807 1064 2862 nunquam
1109 2793 1178 2845 anto

152 2873 209 2932 hoc
236 2880 357 2950 tempus
387 2874 554 2932 exercitum
581 2873 686 2951 populi
714 2873 844 2932 Romani
874 2872 981 2931 Galliae
1015 2873 1178 2951 provinciae

151 2957 262 3017 finibus
285 2978 452 3035 egressum.
499 2958 580 3029 Quid
610 2959 669 3018 sibi
690 2958 805 3018 vellet?
856 2957 917 3016 Cur
944 2958 975 3016 in
1009 2978 1081 3016 suas
1108 2978 1178 3035 pos-

153 3045 305 3103 sessiones
328 3044 466 3104 veniret?
510 3045 703 3105 Provinciam
725 3064 812 3102 suam
840 3044 918 3102 hanc
946 3063 1014 3102 esse
1038 3043 1178 3119 Galliam,

155 3130 234 3188 sicut
265 3130 349 3188 illam
386 3138 532 3189 nostram.
593 3131 637 3189 Ut
671 3131 731 3208 ipsi
764 3129 890 3188 concedi
922 3149 984 3188 non
1016 3136 1179 3206 oporteret,

154 3216 180 3274 si
212 3216 244 3274 in
275 3223 398 3275 nostros
427 3215 504 3275 fines
538 3217 685 3294 impetum
712 3215 837 3290 faceret,
867 3215 911 3274 616
938 3216 1011 3274 item
1032 3235 1089 3274 nos
1112 3234 1180 3274 6666

102 3342 105 3349 ,
153 3301 283 3377 iniquos,
318 3302 399 3383 quod
432 3303 463 3360 in
497 3322 552 3361 suo
583 3302 654 3379 jure
689 3321 722 3360 se
762 3301 1035 3379 interpellaremus.
1093 3300 1181 3372 Quod

153 3386 265 3446 fratres
298 3387 435 3447 Haeduos
480 3388 649 3466 appellatos
683 3387 811 3462 diceret,
851 3407 913 3446 non
952 3407 985 3446 se
1018 3394 1080 3446 tarn
1112 3389 1180 3446 bar-

152 3474 260 3532 barum
303 3494 403 3548 neque
446 3481 509 3532 tam
552 3474 726 3552 imperitum
771 3493 839 3533 esse
882 3494 998 3549 rerum,
1046 3480 1079 3531 ut
1121 3492 1183 3531 non

153 3559 246 3617 sciret
283 3574 382 3634 neque
421 3560 502 3618 bello
537 3559 739 3636 Allobrogum
778 3560 915 3637 proximo
950 3558 1087 3617 Haeduos
1120 3558 1182 3616 Rc·

152 3645 251 3704 manis
286 3645 432 3704 auxilium
465 3646 590 3721 tulisse,
631 3666 729 3722 nequo
762 3646 846 3723 ipsos
879 3646 911 3704 in
944 3645 982 3703 iis
1017 3642 1182 3702 contentio·

152 3730 259 3806 nibus,
294 3751 370 3805 quas
404 3731 518 3789 Haedui
553 3751 657 3791 secum
703 3739 733 3790 et
777 3751 846 3790 cum
879 3730 1027 3805 Sequanis
1060 3729 1183 3788 habuis-

154 3823 237 3892 sent,
273 3816 384 3875 auxilio
429 3817 536 3895 populi
569 3817 700 3877 Romani
743 3837 816 3876 usos
862 3835 939 3875 esse.
995 3815 1117 3874 Debere
1150 3835 1184 3875 se

154 3901 305 3979 suspicari
357 3903 501 3961 simulata
546 3903 700 3962 Gaesarem
745 3903 893 3977 amicitia,
939 3901 1020 3977 quod
1071 3901 1183 3961 exerci-

154 3993 220 4046 tum
252 3988 284 4047 in
318 3987 420 4064 Gallia
454 3989 576 4066 habeat,
612 3990 660 4049 sui
705 3988 895 4068 opprimendi
940 4007 1033 4048 causa
1060 3987 1183 4047 habere.
