2670 4456
160 266 200 323 70
470 257 524 310 nn
542 255 669 310 namo
688 255 858 311 11111111

161 460 212 511 tur
235 460 274 527 et,
299 472 366 528 quae
390 451 429 510 ad
452 470 578 510 111111
602 459 688 509 erant
710 452 795 526 usui,
826 472 863 510 ex
892 449 1059 510 continenti
1088 469 1168 508 com-

160 539 277 616 portari
295 538 433 614 jubebat.
468 538 578 613 Itaque
602 557 694 612 quum
717 557 834 595 summo
858 537 958 595 studio
982 556 1000 594 a
1021 535 1169 594 militibus

163 624 435 699 administraretur,
447 623 516 681 XII
527 623 658 682 navibus
681 623 811 697 1111111111,
835 623 959 698 reliquis
978 629 1013 680 ut
1029 621 1170 698 navigari

164 709 321 768 commode
344 716 460 787 posset,
485 707 595 767 effecit.

249 795 391 853 XXXII.
437 795 519 852 Dum
542 814 577 852 ea
605 801 762 870 geruntur,
793 793 913 870 legione
941 813 979 851 ex
1007 799 1169 852 consuetu-

164 881 233 939 dine
256 901 317 938 una
338 878 557 938 frumentatum
579 881 682 953 missa,
707 899 774 954 quae
799 879 1011 957 appellabatur
1028 878 1169 956 septima,

162 985 261 1041 neque
295 966 357 1024 ulla
386 965 424 1024 ad
468 965 500 1023 id
533 973 653 1043 tempus
681 965 754 1023 belli
785 965 957 1042 suspicione
980 963 1169 1041 interposita,

163 1071 255 1127 quum
277 1071 349 1129 11111
372 1051 527 1109 hominurn
549 1051 580 1109 111
604 1051 686 1127 agris
708 1056 894 1123 remaneret,
925 1069 997 1127 pars
1026 1049 1118 1108 etiam
1140 1049 1172 1106 in

163 1144 265 1196 castra
282 1137 456 1210 ventitaret,
480 1137 510 1212 ii,
535 1137 587 1211 qui
609 1157 664 1214 pro
686 1136 784 1213 portis
797 1143 966 1194 castrorum
987 1135 1019 1192 in
1038 1135 1171 1194 statione

163 1230 258 1296 erant,
295 1221 410 1280 Caesen
447 1222 665 1281 nuntiaverunt
697 1222 854 1299 pulverem
886 1220 1045 1297 majorem,
1081 1241 1172 1296 quam

163 1308 352 1367 consvetudo
375 1305 480 1381 ferret,
504 1308 536 1365 in
559 1327 594 1365 ea
617 1317 705 1385 parte
727 1307 840 1381 videri,
876 1327 966 1382 quam
994 1307 1025 1364 in
1052 1313 1172 1383 partem
1220 1302 1223 1307 ’

161 1394 241 1470 legio
264 1394 323 1451 iter
351 1391 486 1451 fecisset.
545 1391 649 1451 Caesar
677 1393 723 1467 id,
760 1392 842 1467 quod
870 1398 951 1465 erat,
985 1393 1171 1470 suspicatus,

163 1478 278 1554 aliquid
305 1478 378 1538 novi
406 1499 423 1536 a
455 1479 597 1536 barbaris
624 1479 732 1536 initum
762 1478 889 1552 consilii,
920 1478 1072 1552 cohortes,
1103 1497 1171 1553 quaa

161 1565 193 1622 in
216 1563 400 1622 stationibus
435 1572 531 1638 erant,
566 1583 671 1622 secum
704 1564 736 1622 in
770 1584 837 1622 eam
867 1570 987 1642 partem
1008 1562 1171 1642 proficisci,

163 1671 199 1708 ex
221 1649 347 1725 reliquis
371 1649 447 1708 duas
469 1650 502 1708 in
531 1650 693 1709 stationem
722 1650 862 1708 cohortes
886 1649 1068 1724 succedere,
1103 1649 1171 1708 reli-

163 1755 239 1810 quas
268 1735 379 1794 armari
402 1742 433 1793 et
461 1734 623 1794 confestim
652 1754 721 1795 sese
751 1735 898 1811 subsequi
922 1735 1025 1811 jussit.
1073 1734 1172 1806 Quum

160 1821 252 1898 paulo
275 1821 396 1897 longius
428 1841 446 1878 a
475 1821 585 1879 castris
613 1820 831 1897 processisset,
862 1840 934 1879 suos
966 1821 1004 1879 ab
1032 1821 1173 1879 hostibus

162 1906 259 1983 premi
298 1912 389 1981 atque
429 1925 510 1983 aegre
554 1907 705 1965 sustinere
740 1913 771 1965 et
801 1905 940 1965 conferta
978 1905 1100 1983 legione
1137 1926 1174 1964 ex

164 1992 303 2050 omnibus
326 1991 465 2068 partibus
489 1992 551 2050 tela
575 1991 687 2067 conjici
709 1992 934 2052 animadvertit.
983 1991 1064 2050 Nam
1093 1991 1175 2067 quod

102 2080 107 2090 '
165 2076 246 2135 omni
275 2098 313 2136 ex
341 2076 468 2152 reliquis
495 2078 636 2154 partibus
666 2077 804 2136 demesso
833 2076 986 2136 frumento
1013 2097 1086 2154 pars
1113 2097 1175 2136 una

164 2168 230 2220 erat
251 2161 378 2237 reliqua,
413 2163 562 2239 suspicati
589 2163 694 2222 hostes
727 2164 787 2222 huc
821 2171 943 2222 nostros
976 2182 1044 2222 esse
1066 2169 1174 2222 ventu-

163 2267 224 2322 ros,
248 2253 341 2306 noctu
363 2247 394 2305 in
417 2248 503 2307 silvis
527 2248 724 2323 delituerant;
754 2255 819 2306 tum
849 2249 1020 2327 1111111111,
1053 2248 1173 2326 deposi-

163 2333 203 2392 tis
238 2334 329 2392 armis
357 2333 388 2391 in
424 2335 565 2393 metendo
603 2341 767 2412 occupatos
796 2334 898 2393 subito
922 2333 1036 2409 adorti,
1066 2335 1174 2413 paucis

163 2418 334 2478 interfectis
374 2419 508 2495 reliquos
547 2421 672 2479 incertis
707 2419 864 2478 ordinibus
903 2421 1172 2497 perturbaverant,

163 2505 253 2563 simul
276 2505 413 2580 equitatu
437 2512 528 2580 atque
551 2505 669 2564 essedis
693 2504 967 2564 circumdederant.

249 2589 410 2648 XXXIII.
457 2591 562 2650 Genus
584 2592 641 2650 hoc
665 2599 712 2649 611
735 2610 772 2649 ex
795 2590 913 2650 essedis
925 2610 1051 2668 pugnae:
1075 2591 1173 2668 primo

161 2694 218 2752 per
241 2694 345 2733 omnes
368 2682 472 2753 partes
504 2677 700 2753 perequitant
733 2683 763 2735 et
795 2677 858 2734 tela
887 2676 1053 2752 conjiciunt
1082 2684 1174 2752 atque

162 2761 230 2837 ipso
259 2765 376 2818 terrore
407 2781 554 2836 equorum
588 2768 618 2820 et
647 2761 778 2839 strepitu
806 2769 942 2820 rotarum
965 2761 1087 2821 ordines
1110 2762 1173 2840 ple-

163 2865 291 2920 rumque
318 2846 500 2923 perturbant
529 2853 573 2921 et,
604 2867 696 2922 quum
724 2865 758 2905 se
786 2846 867 2905 inter
895 2848 1029 2923 equitum
1057 2854 1174 2906 turmas

162 2931 404 3006 insinuaverunt,
429 2952 466 2991 ex
495 2932 613 2991 essedis
642 2932 786 2990 desiliunt
816 2939 847 2991 et
873 2933 1003 3010 pedibus
1030 2933 1174 3011 1111111111-

163 3025 222 3075 tur.
268 3017 395 3094 Aurigae
425 3017 546 3076 interim
574 3018 721 3096 paulatim
750 3038 787 3077 ex
818 3018 926 3096 proelio
955 3018 1108 3078 excedunt
1130 3025 1174 3078 at-

165 3122 224 3177 que
254 3103 298 3161 ita
321 3122 429 3161 11111111
459 3103 623 3177 collocant,
659 3110 702 3178 ut,
727 3104 753 3162 si
780 3104 825 3162 illi
853 3125 871 3162 a
898 3104 1092 3163 multitudine
1120 3105 1174 3163 ho-

164 3189 256 3247 stium
278 3195 465 3265 premantur,
490 3189 665 3267 expeditum
688 3189 727 3248 ad
750 3209 822 3248 suos
844 3197 1001 3266 receptum
1030 3190 1173 3250 habeant.

163 3273 215 3331 Ita
237 3273 437 3332 mobilitatem
461 3275 604 3350 equitum,
629 3275 829 3335 stabilitatem
850 3275 987 3353 pediturn
1010 3274 1041 3333 in
1057 3275 1174 3353 proeliis

163 3365 324 3436 praestant,
348 3379 383 3417 ac
406 3366 524 3418 tantum
546 3380 605 3419 usu
633 3360 807 3435 quotidiano
836 3367 866 3418 11
889 3360 1106 3419 exercitatione
1129 3360 1174 3420 ef-

165 3442 281 3519 ficiunt,
305 3443 350 3501 uti
378 3444 410 3502 in
432 3445 543 3504 declivi
573 3466 608 3505 11
630 3445 782 3523 praecipiti
809 3446 877 3504 loco
905 3446 1048 3505 incitatos
1080 3454 1175 3522 equos

166 3530 318 3589 sustinere
342 3534 373 3587 et
393 3530 481 3591 brevi
502 3531 652 3590 moderari
676 3551 711 3589 ac
733 3529 857 3590 flectere
887 3540 917 3590 et
946 3552 1002 3609 per
1023 3539 1175 3592 temonem

165 3635 345 3693 percurrere
380 3626 410 3673 et
442 3616 475 3674 in
499 3616 576 3694 jugo
609 3617 750 3675 insistere
785 3623 815 3675 et
844 3636 878 3675 se
905 3617 976 3675 inde
1004 3617 1037 3676 in
1065 3638 1174 3678 currus

167 3701 312 3760 citissime
334 3701 470 3778 recipere
493 3703 675 3764 consuerint.

253 3786 406 3845 XXXIV.
454 3786 572 3858 Quibus
599 3789 701 3862 rebus,
730 3788 917 3864 perturbatis
945 3788 1059 3846 nostris
1088 3789 1174 3849 novi-

166 3879 231 3930 tate
264 3892 391 3950 pugnae,
430 3880 567 3951 tempore
601 3873 856 3951 opportunissimo
892 3872 996 3933 Caesar
1029 3874 1175 3933 auxilium

166 3957 251 4032 tulit,
275 3977 405 4033 namque
433 3958 501 4035 ejus
535 3959 668 4018 adventu
695 3958 800 4018 hostes
831 3960 1047 4033 const'terunt,
1076 3961 1175 4020 nostri
