2670 4456
598 233 718 288 mnan
736 233 758 286 1.
1154 242 1193 300 13

161 436 217 490 est.
273 429 322 486 Ex
356 447 391 488 eo
426 427 533 506 proelio
565 428 685 487 circiter
713 427 868 487 hominum
895 427 977 487 milia
1000 426 1123 487 CXXX
1145 447 1195 489 su-

161 513 341 593 perfuerunt
375 533 472 589 eaque
500 520 565 573 tota
592 521 682 573 nocte
713 513 903 573 continenter
932 513 1046 586 ierunt;
1081 513 1197 574 nullam

161 607 280 679 partem
312 599 411 658 noctis
444 596 562 658 itinere*
586 599 759 658 intermisso
787 599 819 657 in
847 598 923 658 fines
946 599 1120 676 Lingonum
1147 599 1196 659 die

162 692 270 762 quarto
304 692 524 763 pervenerunt,
559 704 652 762 quum
687 692 717 744 et
750 691 875 762 propter
908 684 1036 744 vulnera
1068 685 1198 744 militum

163 778 193 830 ct
225 777 352 850 propter
385 770 575 849 sepulturam
602 770 772 830 occisorum
800 772 896 829 nostri
924 770 1060 829 triduum
1088 771 1199 830 morati

163 876 215 916 eos
249 857 337 933 sequi
363 875 424 915 non
451 857 634 934 potuissent.
692 854 797 915 Caesar
824 856 863 915 ad
892 857 1049 933 Lingonas
1078 856 1199 917 litteras

113 984 116 989 -
163 942 346 1017 nuntiosque
380 941 472 1016 misit,
507 961 545 1001 ne
579 961 632 1001 eos
666 940 818 1000 frumento
851 961 929 1002 neve
958 941 1017 1000 alia
1050 961 1083 1001 re
1108 942 1199 1019 juva·

163 1036 247 1101 rent;
284 1027 336 1104 qui
364 1028 391 1086 si
416 1027 581 1104 juvissent,
616 1047 649 1086 se
684 1026 791 1087 codem
825 1027 902 1101 loco,
939 1047 998 1103 quo
1027 1027 1198 1104 Helvetios,
1276 1083 1280 1089 .

164 1113 349 1172 habiturum.
405 1113 479 1191 Ipse
506 1113 608 1172 triduo
637 1113 810 1172 intermisso
839 1133 908 1171 oum
936 1113 1076 1173 omnibus
1104 1113 1200 1191 copiis

167 1218 220 1258 eos
243 1199 330 1275 sequi
353 1200 454 1277 coepit.

94 1278 104 1293 ⁹
251 1284 391 1344 XXVII.
444 1285 581 1345 Helvetii
608 1285 742 1344 omnium
764 1305 865 1344 rerum
887 1285 989 1363 inopia
1012 1284 1137 1344 adducti
1158 1284 1201 1343 le-

164 1377 254 1448 gatos
288 1370 326 1429 de
360 1369 514 1430 deditione
549 1370 587 1429 ad
616 1390 685 1430 eum
713 1371 870 1429 miserrmt.
922 1370 981 1442 Qui
1010 1390 1104 1447 quum
1132 1389 1202 1428 enm

166 1456 199 1515 in
220 1456 329 1516 itinere
358 1457 572 1516 convenissent
601 1475 694 1531 seque
723 1456 761 1515 ad
788 1455 883 1534 pedes
905 1457 1108 1535 projecissent
1130 1474 1202 1533 sup-

166 1540 346 1620 pliciterque
387 1541 482 1600 locuti
519 1540 629 1601 fientes
667 1561 775 1621 pacem
813 1543 978 1619 petissent,
1018 1549 1110 1618 atque
1150 1559 1203 1600 eos

167 1627 198 1686 in
226 1646 261 1685 eo
289 1627 366 1701 loco,
402 1647 461 1703 quo
490 1635 556 1685 tum
585 1634 697 1702 essent,
730 1645 819 1686 suum
847 1627 1013 1687 adventum
1041 1634 1204 1704 expectare

164 1712 321 1790 jussisset,
350 1720 527 1790 punierunt.
581 1713 628 1771 Eo
657 1718 821 1791 postquam
845 1711 949 1772 Caesar
970 1712 1120 1790 pervenit,
1151 1712 1203 1770 ob-

168 1797 260 1873 sides,
294 1818 388 1872 arma,
423 1817 538 1873 servos,
574 1798 626 1875 qui
654 1798 694 1859 ad
725 1817 778 1856 eos
806 1797 1024 1875 perfugissent,
1053 1797 1203 1876 poposcit.

167 1883 250 1942 Dum
284 1903 320 1943 ca
352 1885 574 1960 conquiruntur
607 1891 637 1944 ct
671 1882 879 1959 conferuntur,
913 1891 1003 1944 nocte
1030 1883 1206 1942 intermissa

168 1968 289 2029 circiter
321 1970 477 2037 hominum
511 1970 593 2029 milia
625 1969 673 2029 VI
707 1969 774 2046 ejus
806 1971 888 2047 pagi,
923 1970 975 2047 qui
1008 1969 1203 2046 Verbigenus

168 2055 349 2132 appellatur,
383 2055 449 2115 sive
476 2055 584 2115 timore
612 2055 776 2134 perterriti,
806 2076 844 2114 ne
874 2057 966 2116 armis
988 2055 1111 2115 truditis
1134 2072 1205 2133 sup·

168 2139 258 2218 pficio
293 2139 504 2217 afficerentur,
544 2142 610 2202 sive
649 2162 704 2220 spe
744 2142 854 2201 salutis
887 2141 1019 2217 inducti,
1060 2139 1143 2216 quod
1174 2140 1207 2198 in

168 2233 255 2284 tanta
288 2227 483 2286 multitudine
516 2226 729 2287 dediticiorum
763 2247 850 2287 suam
882 2226 989 2304 fugam
1022 2234 1076 2285 aut
1106 2225 1206 2284 occul-

168 2311 227 2369 tari
255 2319 308 2371 aut
336 2313 457 2372 omnino
479 2313 612 2390 ignorari
634 2332 726 2391 posse
748 2313 969 2386 existimarent,
997 2311 1095 2389 prima
1116 2316 1207 2368 nocte

81 2399 86 2405 ”
172 2418 188 2455 e
217 2398 327 2457 castris
350 2397 562 2458 Helvetiorum
592 2400 709 2475 egressi
739 2397 779 2459 ad
800 2398 942 2457 Rhenum
969 2395 1107 2471 finesque
1131 2394 1206 2454 Ger-

172 2501 331 2542 manorum
355 2484 586 2544 contenderunt.
1251 2484 1255 2491 ’

255 2567 414 2628 XXVIII.
450 2569 540 2641 Quod
562 2570 614 2628 ubi
638 2567 742 2628 Caesar
764 2568 878 2643 resciit,
902 2587 1031 2644 quorum
1053 2563 1207 2644 perfines

171 2653 278 2727 ierant,
310 2654 357 2729 iis,
392 2655 437 2713 uti
466 2655 680 2731 conquirerent
709 2660 740 2713 et
767 2653 959 2728 reducerent,
994 2653 1019 2712 si
1049 2652 1107 2710 sibi
1135 2672 1206 2730 pur-

172 2738 236 2815 gati
258 2757 338 2798 ‚esse
372 2740 496 2816 vellent,
530 2741 708 2819 imperavit;
744 2740 888 2800 reductos
920 2740 952 2798 in
985 2737 1120 2798 hostium
1152 2757 1207 2795 nu-

173 2842 255 2882 mero
283 2825 404 2899 habuit,
439 2827 573 2902 reliquos
604 2845 709 2886 omnes
738 2825 906 2900 obsidibus,
936 2825 1038 2899 armis,
1069 2822 1208 2900 perfugis

171 2908 293 2968 traditis
315 2911 346 2970 in
369 2911 554 2972 deditionem
577 2912 704 2990 accepit.
760 2911 930 2982 Helvetios,
960 2910 1117 2985 Tulingos,
1148 2907 1208 2966 La·

174 2994 311 3072 tobrigos
351 2997 383 3055 in
421 2996 498 3057 fines
538 3017 621 3072 suos,
661 2997 744 3056 unde
783 3004 870 3056 erant
901 2994 1049 3074 profecti,
1095 2993 1209 3052 reverti

169 3079 290 3155 jusssit,
326 3088 358 3140 et
391 3083 474 3158 quod
507 3083 647 3142 omnibus
681 3081 834 3142 fructibus
868 3082 989 3140 amissis
1023 3080 1104 3139 domi
1133 3077 1209 3136 nihil

173 3172 248 3239 erat,
283 3186 343 3242 quo
378 3167 490 3227 famem
516 3169 691 3243 tolerarent,
720 3167 939 3244 Allobrogibus
969 3164 1139 3244 imperavit,
1175 3170 1210 3221 ut

172 3249 210 3308 iis
242 3249 389 3311 frumenti
429 3254 546 3332 copiam
586 3253 737 3327 facerent,
778 3254 863 3331 ipsos
902 3252 1014 3331 oppida
1052 3252 1208 3325 vicosque,

174 3354 261 3413 quos·
280 3336 488 3415 incenderant,
522 3339 684 3399 restituere
710 3338 814 3416 jussit.
870 3338 910 3397 Id
938 3357 976 3397 ea
1003 3338 1133 3396 maxime
1161 3355 1209 3393 ra-

173 3420 256 3481 tione
288 3420 373 3497 fecit,
409 3425 491 3501 quod
518 3425 617 3484 noluit
644 3444 713 3484 eum
742 3424 852 3498 locum,
886 3423 968 3484 unde
990 3421 1125 3483 Helvetii
1148 3420 1209 3478 dis-

174 3515 340 3584 cesserant,
376 3529 495 3584 vacare,
530 3528 568 3569 ne
601 3516 728 3588 propter
760 3510 929 3569 bonitatem
963 3529 1105 3586 agrorum
1134 3505 1209 3564 Ger·
1248 3503 1251 3508 ’

174 3592 263 3665 mani,
293 3594 345 3668 qui
373 3600 459 3654 trans
481 3595 623 3655 Rhenum
644 3596 790 3668 incolunt,
821 3616 838 3654 e
861 3595 924 3654 suis
947 3593 1059 3654 finibus
1082 3594 1114 3651 in
1136 3589 1210 3648 Hel-

176 3676 327 3737 vetiorum
364 3678 441 3740 fines
480 3683 647 3741 transirent
686 3688 716 3740 et
748 3679 868 3740 finitimi
902 3681 1010 3740 Galliae
1044 3676 1209 3757 provinciae

124 3813 127 3818 .
175 3761 455 3842 Allobrogibusque
477 3775 588 3826 essent.
633 3766 740 3844 Bojcs,
768 3767 945 3846 petentibus
966 3764 1104 3837 Haeduis,
1129 3761 1211 3838 quod

178 3849 301 3925 egregia
327 3850 442 3910 virtute
470 3860 557 3912 erant
586 3853 710 3929 cogniti,
744 3859 778 3911 ut
810 3853 843 3912 in
874 3850 986 3910 finibus
1020 3850 1084 3910 suis
1118 3847 1210 3907 collo·

177 3942 288 4009 carent,
325 3937 490 4011 concessit;
531 3938 642 4014 quibus
676 3938 720 3998 illi
754 3957 845 4016 agros
879 3936 1037 4011 dederunt,
1073 3952 1211 4012 quosque
