2670 4456
584 274 702 363 1111}th
722 275 769 328 VI.
1107 284 1167 338 103

162 468 265 545 copias
293 466 521 543 equitatumque
552 467 694 525 traducit.
755 469 834 541 Ubii,
865 469 914 543 qni
945 476 1015 526 ante
1045 469 1168 527 obsides

162 553 309 612 dederant
342 561 433 627 atque
468 553 498 610 in
528 552 712 610 deditimrem
749 566 903 615 venerant.
940 553 1090 631 purgandi
1121 555 1167 611 sni

161 658 256 698 causa
278 637 317 696 ad
340 658 409 696 eum
432 638 551 714 legatos
574 638 706 711 mittunt,
733 640 781 713 qui
808 640 937 697 «incoant
960 660 1059 715 noque
1084 641 1167 697 auxi-

160 725 202 782 lia
224 744 260 783 ex
283 744 339 782 sua
362 723 487 783 civitate
509 724 539 781 in
552 724 695 782 'Pr-cviros
718 725 812 781 missa
835 744 934 799 nequo
958 726 995 782 ab
1020 746 1053 781 so
1076 725 1168 784 lidum

160 811 278 882 laesam
303 816 412 886 petunt
435 815 527 883 atque
551 818 646 875 orant,
671 816 704 866 ut
727 810 782 866 sibi
809 818 923 886 parunt,
954 830 992 866 no
1016 812 1166 869 ‹minniuni

162 896 229 954 odio
265 894 484 953 Germanorum
523 895 700 952 inuoimntes
741 916 795 971 pro
839 896 1019 952 nominibus
1061 917 1167 972 prunas

162 981 310 1058 pendant3
347 981 372 1039 si
408 980 537 1057 amplius
572 980 711 1037 obsidum
747 981 829 1049 velit,
866 980 938 1037 ‹laro
974 980 1166 1056 pollicentur.

163 1065 290 1143 Cognita
314 1064 418 1123 Caesar
452 1085 543 1122 causa
572 1067 684 1142 reperit
719 1065 756 1122 ab
796 1064 904 1124 Svovis
933 1066 1042 1123 auxilia
1074 1067 1169 1125 missa

161 1172 244 1225 esse,
278 1151 427 1209 Ubiorum
461 1149 702 1208 satisfactionem
737 1151 870 1227 accepit,
907 1150 1007 1208 aditus
1043 1152 1179 1226 viasque

161 1238 192 1295 in
216 1236 334 1297 Suevos
356 1236 515 1313 perquirit.

246 1321 287 1379 X.
332 1322 460 1380 Interim
482 1323 588 1399 paucis
610 1332 681 1398 post
704 1322 810 1379 (liebus
834 1321 869 1378 fit
892 1324 929 1379 ab
943 1322 1032 1379 Ubiis
1056 1323 1168 1379 certior

163 1407 280 1467 Sveros
309 1426 413 1465 omnes
444 1407 474 1464 in
504 1428 596 1465 mrum
625 1407 725 1465 locum
754 1407 857 1483 copias
882 1427 990 1480 cogere
1015 1418 1105 1482 atque
1130 1408 1167 1465 iis

162 1493 345 1565 nationibus,
369 1512 437 1567 quae
462 1494 517 1549 sub
542 1513 645 1551 eorum
668 1493 730 1550 sint
752 1492 888 1569 imperio,
914 1493 1103 1567 deminuere,
1134 1507 1168 1552 ut

163 1578 274 1637 auxilia
291 1577 447 1654 peditatus
466 1579 679 1653 equitatusque
697 1578 827 1635 mittant.
862 1579 919 1635 His
932 1579 1062 1652 cognitis
1075 1581 1167 1637 robus

162 1684 226 1722 rem
255 1662 485 1720 frumentariam
508 1663 667 1740 providet,
697 1665 806 1721 cestrie
831 1663 970 1720 idoneum
994 1665 1093 1720 locum
1117 1664 1167 1720 de-

163 1749 244 1826 ligit,
268 1748 357 1806 Ubiis
380 1748 523 1825 imporat,
553 1762 586 1806 ut
608 1769 719 1826 pecora
752 1748 904 1806 ‹leducant
930 1767 1044 1822 suaque
1069 1749 1168 1806 oimria

163 1854 200 1892 ex
230 1833 311 1910 agris
339 1833 369 1891 in
400 1833 512 1910 oppida
542 1835 708 1905 conferant,
740 1853 866 1910 sperans
896 1834 1044 1891 barbaros
1076 1846 1166 1908 atque

162 1919 319 1996 imperitos
338 1919 475 1977 hominos
493 1920 595 1996 inopia
613 1919 794 1977 cibariorum
813 1919 962 1977 adductos
982 1919 1020 1976 ad
1034 1920 1167 1994 iniquam

163 2004 319 2082 pugnandi
342 2004 550 2063 condicionem
572 2025 663 2081 posso
680 2004 804 2069 deducu
830 2004 962 2079 mandat,
987 2015 1021 2062 nt
1045 2006 1168 2063 crebros

164 2090 372 2167 exploratores
400 2091 430 2147 in
460 2090 577 2149 Suevos
606 2091 743 2163 mittant,
774 2110 902 2165 quaeque
934 2090 1015 2167 apud
1039 2110 1091 2148 eos
1115 2111 1166 2166 ge·

162 2183 277 2250 rantur,
301 2184 496 2252 cognoscant.
532 2176 581 2233 Illi
604 2176 753 2252 imperata
775 2175 893 2233 faciunt
922 2182 952 2232 et
974 2176 1081 2252 paucis
1106 2175 1167 2233 die-

162 2263 221 2320 bus
243 2261 425 2319 intermissis
448 2259 716 2322 reseruntSvevos
740 2279 854 2335 omues,
879 2267 1079 2335 posteaquam
1104 2279 1168 2317 eer-

162 2347 256 2405 tiores
298 2346 394 2405 nuntii
429 2346 466 2405 de
505 2347 641 2404 exercitu
674 2346 880 2403 Romanorum
913 2344 1065 2417 venerint,
1102 2365 1170 2402 cum

163 2432 303 2490 omnibus
326 2431 390 2489 suis
413 2432 624 2506 sociorumque
648 2431 753 2508 copiis,
789 2450 865 2505 quas
896 2430 1084 2505 coegissent,
1116 2450 1168 2507 pe-

162 2518 245 2575 nitus
280 2516 319 2575 ad
347 2525 499 2575 extremos
527 2516 603 2576 fines
635 2537 668 2575 se
697 2516 865 2592 recepisse3
897 2514 1005 2573 silvam
1036 2534 1104 2573 esse
1127 2516 1168 2573 ibi

162 2601 280 2661 infinita
296 2602 512 2679 magnitudine,
538 2623 605 2677 quae
624 2601 796 2679 appellatur
808 2601 956 2673 Bacenis3
982 2601 1060 2658 hanc
1078 2602 1168 2677 longe

163 2689 314 2746 introrsus
336 2689 488 2765 pertinere
524 2696 555 2745 et
583 2708 637 2764 pro
668 2687 772 2745 nativo
801 2706 885 2744 muro
916 2686 1067 2762 objectam
1092 2686 1168 2745 Che-

162 2793 271 2831 ruscos
295 2774 331 2830 ab
362 2773 481 2847 Svevis,
511 2773 689 2848 Svevosque
719 2774 756 2830 ab
781 2771 943 2831 Cheruscis
974 2769 1102 2847 [injuriis
1125 2772 1169 2830 in-

165 2856 425 2933 cursionibusque]
449 2859 625 2935 prohibere3
650 2859 689 2917 ad
712 2857 778 2934 ejus
801 2858 920 2916 initium
944 2858 1029 2916 silvae
1050 2857 1169 2916 Svovos

164 2944 330 3004 adventum
352 2944 559 3003 Romanorum
582 2951 743 3021 expectare
767 2942 970 3001 constituisse.

251 3029 309 3087 XI.
346 3028 495 3099 Quoniam
519 3028 556 3087 ad
579 3029 659 3087 hunc
681 3030 780 3087 locum
803 3035 983 3105 perventum
1013 3034 1074 3097 est,
1109 3046 1168 3083 non

166 3115 299 3174 alienum
322 3134 391 3173 esse
418 3114 539 3173 videtin·
575 3114 612 3172 de
642 3113 750 3172 Gallim
775 3112 1007 3186 Germaniaque
1035 3111 1170 3169 moribus

165 3207 205 3274 et,
229 3221 288 3275 quo
312 3198 457 3258 differant
479 3201 526 3257 hae
549 3200 687 3258 nationes
711 3200 790 3256 iuter
813 3217 891 3271 sese,
915 3217 1097 3274 proponere.
1133 3197 1172 3255 In

166 3285 267 3344 Gallia
287 3305 350 3344 non
372 3285 470 3343 solum
481 3285 512 3343 in
525 3285 664 3342 omnibus
677 3284 852 3344 civitatibus
871 3290 961 3357 atque
980 3284 1012 3340 in
1031 3283 1170 3342 omnibus

164 3371 253 3447 pagis
275 3371 485 3448 partibusque,
510 3369 564 3428 sed
586 3390 674 3446 paene
698 3370 788 3427 etiam
809 3369 841 3426 in
871 3368 999 3444 siugulis
1030 3368 1170 3427 domibus

165 3455 315 3514 factiones
339 3464 423 3529 sunt;
449 3475 612 3529 earumque
634 3454 802 3514 lactionum
824 3454 978 3532 principes
1003 3461 1089 3527 sunt⁷
1120 3455 1172 3527 qui

166 3561 315 3599 summam
339 3541 551 3600 auctoritatem
568 3561 671 3599 eorum
685 3539 802 3616 judicio
819 3539 932 3598 habero
951 3539 1170 3611 existimantur,

164 3647 293 3702 quorum
316 3625 355 3684 ad
367 3627 526 3685 arbitrium
541 3625 752 3702 judiciumque
774 3645 891 3683 summa
914 3625 1046 3682 omnium
1069 3641 1171 3679 rerum

167 3711 420 3786 consiliorumque
449 3712 568 3783 redeat;
597 3711 689 3785 idque
718 3710 784 3786 ejus
817 3711 861 3768 rei
890 3728 982 3767 causa
1005 3707 1172 3780 antiquitus

165 3797 339 3856 institutum
361 3797 492 3869 videtur,
515 3815 553 3853 ne
578 3797 645 3870 quis
669 3797 817 3872 explebe
841 3803 946 3853 contra
968 3792 1172 3870 potentiorem

168 3882 272 3940 auxilii
301 3890 418 3958 egeret:
455 3900 527 3939 suos
557 3881 635 3939 enim
664 3880 793 3956 quisque
823 3878 952 3956 opprimi
983 3884 1014 3934 et
1043 3877 1171 3934 circum-

166 3967 264 4025 veniri
291 3987 353 4026 non
380 3967 509 4046 patitur;
534 3985 648 4043 neque,
679 3967 766 4024 aliter
790 3965 815 4024 si
838 3964 947 4036 faeiat,
975 3963 1067 4020 ullam
1090 3962 1171 4020 inter
