<?xml version="1.0" encoding="UTF-8"?>
<!DOCTYPE html PUBLIC "-//W3C//DTD XHTML 1.0 Transitional//EN"
    "http://www.w3.org/TR/xhtml1/DTD/xhtml1-transitional.dtd">
<html xmlns="http://www.w3.org/1999/xhtml" xml:lang="en" lang="en">
 <head>
  <title>
</title>
<meta http-equiv="Content-Type" content="text/html;charset=utf-8" />
  <meta name='ocr-system' content='tesseract 3.04.00' />
  <meta name='ocr-capabilities' content='ocr_page ocr_carea ocr_par ocr_line ocrx_word'/>
</head>
<body>
  <div class='ocr_page' id='page_1' title='image "./debellogallico00caesgoog_0184.png"; bbox 0 0 2670 4456; ppageno 0'>
   <div class='ocr_carea' id='block_1_1' title="bbox 530 247 1161 315">
    <p class='ocr_par' dir='ltr' id='par_1_1' title="bbox 530 247 1161 315">
     <span class='ocr_line' id='line_1_1' title="bbox 530 247 1161 315; baseline -0.002 -12"><span class='ocrx_word' id='word_1_1' title='bbox 530 247 650 303; x_wconf 81' lang='lat' dir='ltr'><strong>LIBER</strong></span> <span class='ocrx_word' id='word_1_2' title='bbox 669 248 749 303; x_wconf 85' lang='lat' dir='ltr'>VHI.</span> <span class='ocrx_word' id='word_1_3' title='bbox 1102 258 1161 315; x_wconf 84' lang='lat'>175</span> 
     </span>
    </p>
   </div>
   <div class='ocr_carea' id='block_1_2' title="bbox 158 442 1163 1295">
    <p class='ocr_par' dir='ltr' id='par_1_2' title="bbox 158 442 1163 1295">
     <span class='ocr_line' id='line_1_2' title="bbox 244 442 1163 522; baseline 0.001 -20"><span class='ocrx_word' id='word_1_4' title='bbox 244 443 332 503; x_wconf 88' lang='lat' dir='ltr'>XLI.</span> <span class='ocrx_word' id='word_1_5' title='bbox 379 442 514 515; x_wconf 81' lang='lat' dir='ltr'>Quorum</span> <span class='ocrx_word' id='word_1_6' title='bbox 537 444 634 502; x_wconf 91' lang='lat' dir='ltr'>omnis</span> <span class='ocrx_word' id='word_1_7' title='bbox 657 449 766 522; x_wconf 89' lang='lat' dir='ltr'>postea</span> <span class='ocrx_word' id='word_1_8' title='bbox 792 443 954 503; x_wconf 88' lang='lat' dir='ltr'>multitudo</span> <span class='ocrx_word' id='word_1_9' title='bbox 983 451 1163 520; x_wconf 78' lang='lat' dir='ltr'><strong>aquatorum</strong></span> 
     </span>
     <span class='ocr_line' id='line_1_3' title="bbox 159 529 1161 608; baseline 0 -19"><span class='ocrx_word' id='word_1_10' title='bbox 159 549 252 589; x_wconf 91' lang='lat' dir='ltr'>unum</span> <span class='ocrx_word' id='word_1_11' title='bbox 274 530 306 588; x_wconf 88' lang='lat' dir='ltr'>in</span> <span class='ocrx_word' id='word_1_12' title='bbox 334 529 435 588; x_wconf 87' lang='lat' dir='ltr'>locum</span> <span class='ocrx_word' id='word_1_13' title='bbox 464 529 665 590; x_wconf 88' lang='lat' dir='ltr'>conveniebat</span> <span class='ocrx_word' id='word_1_14' title='bbox 696 531 753 588; x_wconf 90' lang='lat' dir='ltr'>sub</span> <span class='ocrx_word' id='word_1_15' title='bbox 781 529 878 608; x_wconf 89' lang='lat' dir='ltr'>ipsius</span> <span class='ocrx_word' id='word_1_16' title='bbox 907 529 1011 608; x_wconf 88' lang='lat' dir='ltr'>oppidi</span> <span class='ocrx_word' id='word_1_17' title='bbox 1033 550 1161 607; x_wconf 91' lang='lat' dir='ltr'>murum,</span> 
     </span>
     <span class='ocr_line' id='line_1_4' title="bbox 159 614 1161 694; baseline 0.001 -19"><span class='ocrx_word' id='word_1_18' title='bbox 159 617 211 675; x_wconf 92' lang='lat' dir='ltr'>ubi</span> <span class='ocrx_word' id='word_1_19' title='bbox 234 634 363 693; x_wconf 85' lang='lat' dir='ltr'>magnus</span> <span class='ocrx_word' id='word_1_20' title='bbox 386 614 456 675; x_wconf 84' lang='lat' dir='ltr'>fons</span> <span class='ocrx_word' id='word_1_21' title='bbox 480 635 567 691; x_wconf 84' lang='lat' dir='ltr'>aquae</span> <span class='ocrx_word' id='word_1_22' title='bbox 588 617 806 694; x_wconf 78' lang='lat' dir='ltr'>prorumpebat</span> <span class='ocrx_word' id='word_1_23' title='bbox 828 617 866 675; x_wconf 89' lang='lat' dir='ltr'>ab</span> <span class='ocrx_word' id='word_1_24' title='bbox 896 636 933 675; x_wconf 88' lang='lat' dir='ltr'>ea</span> <span class='ocrx_word' id='word_1_25' title='bbox 960 622 1063 694; x_wconf 89' lang='lat' dir='ltr'>parte,</span> <span class='ocrx_word' id='word_1_26' title='bbox 1093 636 1161 692; x_wconf 82' lang='lat' dir='ltr'>quae</span> 
     </span>
     <span class='ocr_line' id='line_1_5' title="bbox 160 699 1161 779; baseline 0.001 -18"><span class='ocrx_word' id='word_1_27' title='bbox 160 702 226 761; x_wconf 86' lang='lat' dir='ltr'>fere</span> <span class='ocrx_word' id='word_1_28' title='bbox 258 701 371 779; x_wconf 92' lang='lat' dir='ltr'>pedum</span> <span class='ocrx_word' id='word_1_29' title='bbox 401 699 479 761; x_wconf 77' lang='lat' dir='ltr'>OOC</span> <span class='ocrx_word' id='word_1_30' title='bbox 510 702 671 762; x_wconf 88' lang='lat' dir='ltr'>intervallo</span> <span class='ocrx_word' id='word_1_31' title='bbox 705 700 838 761; x_wconf 89' lang='lat' dir='ltr'>fluminis</span> <span class='ocrx_word' id='word_1_32' title='bbox 871 702 998 761; x_wconf 90' lang='lat' dir='ltr'>circuitu</span> <span class='ocrx_word' id='word_1_33' title='bbox 1020 704 1161 763; x_wconf 89' lang='lat' dir='ltr'>vacabat.</span> 
     </span>
     <span class='ocr_line' id='line_1_6' title="bbox 158 787 1163 867; baseline 0 -19"><span class='ocrx_word' id='word_1_34' title='bbox 158 789 227 848; x_wconf 90' lang='lat' dir='ltr'>Hoc</span> <span class='ocrx_word' id='word_1_35' title='bbox 260 787 345 847; x_wconf 87' lang='lat' dir='ltr'>fonte</span> <span class='ocrx_word' id='word_1_36' title='bbox 378 787 532 865; x_wconf 84' lang='lat' dir='ltr'>prohiberi</span> <span class='ocrx_word' id='word_1_37' title='bbox 564 806 657 866; x_wconf 91' lang='lat' dir='ltr'>posse</span> <span class='ocrx_word' id='word_1_38' title='bbox 690 787 860 867; x_wconf 80' lang='lat' dir='ltr'>oppidanos</span> <span class='ocrx_word' id='word_1_39' title='bbox 894 807 986 863; x_wconf 91' lang='lat' dir='ltr'>quum</span> <span class='ocrx_word' id='word_1_40' title='bbox 1021 796 1163 867; x_wconf 89' lang='lat' dir='ltr'>optarent</span> 
     </span>
     <span class='ocr_line' id='line_1_7' title="bbox 159 872 1163 951; baseline 0 -17"><span class='ocrx_word' id='word_1_41' title='bbox 159 874 277 950; x_wconf 82' lang='lat' dir='ltr'>reliqui,</span> <span class='ocrx_word' id='word_1_42' title='bbox 302 872 407 933; x_wconf 77' lang='lat' dir='ltr'>Caesar</span> <span class='ocrx_word' id='word_1_43' title='bbox 428 892 506 932; x_wconf 92' lang='lat' dir='ltr'>unus</span> <span class='ocrx_word' id='word_1_44' title='bbox 528 873 657 948; x_wconf 80' lang='lat' dir='ltr'>videret,</span> <span class='ocrx_word' id='word_1_45' title='bbox 681 893 698 932; x_wconf 90' lang='lat' dir='ltr'>e</span> <span class='ocrx_word' id='word_1_46' title='bbox 720 873 845 951; x_wconf 80' lang='lat' dir='ltr'>regione</span> <span class='ocrx_word' id='word_1_47' title='bbox 863 873 929 951; x_wconf 88' lang='lat' dir='ltr'>ejus</span> <span class='ocrx_word' id='word_1_48' title='bbox 947 873 1053 933; x_wconf 86' lang='lat' dir='ltr'>vineas</span> <span class='ocrx_word' id='word_1_49' title='bbox 1071 895 1163 951; x_wconf 88' lang='lat' dir='ltr'>agere</span> 
     </span>
     <span class='ocr_line' id='line_1_8' title="bbox 161 960 1161 1038; baseline 0 -18"><span class='ocrx_word' id='word_1_50' title='bbox 161 960 309 1020; x_wconf 89' lang='lat' dir='ltr'>adversus</span> <span class='ocrx_word' id='word_1_51' title='bbox 338 965 471 1018; x_wconf 91' lang='lat' dir='ltr'>montem</span> <span class='ocrx_word' id='word_1_52' title='bbox 503 965 535 1018; x_wconf 92' lang='grc'>01</span> <span class='ocrx_word' id='word_1_53' title='bbox 568 978 711 1037; x_wconf 81' lang='lat' dir='ltr'>aggerem</span> <span class='ocrx_word' id='word_1_54' title='bbox 744 960 895 1019; x_wconf 89' lang='lat' dir='ltr'>instruere</span> <span class='ocrx_word' id='word_1_55' title='bbox 924 960 1017 1037; x_wconf 76' lang='lat' dir='ltr'>coepit</span> <span class='ocrx_word' id='word_1_56' title='bbox 1051 980 1161 1038; x_wconf 86' lang='lat' dir='ltr'>magno</span> 
     </span>
     <span class='ocr_line' id='line_1_9' title="bbox 162 1044 1161 1124; baseline 0.001 -19"><span class='ocrx_word' id='word_1_57' title='bbox 162 1067 230 1105; x_wconf 88' lang='lat' dir='ltr'>cum</span> <span class='ocrx_word' id='word_1_58' title='bbox 252 1045 357 1104; x_wconf 88' lang='lat' dir='ltr'>labore</span> <span class='ocrx_word' id='word_1_59' title='bbox 380 1052 411 1104; x_wconf 89' lang='lat' dir='ltr'>et</span> <span class='ocrx_word' id='word_1_60' title='bbox 433 1045 576 1105; x_wconf 89' lang='lat' dir='ltr'>continua</span> <span class='ocrx_word' id='word_1_61' title='bbox 599 1045 801 1105; x_wconf 74' lang='lat' dir='ltr'>dimicatione.</span> <span class='ocrx_word' id='word_1_62' title='bbox 826 1044 980 1124; x_wconf 82' lang='lat' dir='ltr'>Oppidani</span> <span class='ocrx_word' id='word_1_63' title='bbox 997 1046 1076 1105; x_wconf 88' lang='lat' dir='ltr'>enim</span> <span class='ocrx_word' id='word_1_64' title='bbox 1094 1046 1161 1106; x_wconf 91' lang='lat' dir='ltr'>loco</span> 
     </span>
     <span class='ocr_line' id='line_1_10' title="bbox 160 1130 1163 1211; baseline 0 -20"><span class='ocrx_word' id='word_1_65' title='bbox 160 1132 316 1209; x_wconf 77' lang='lat' dir='ltr'>superiore</span> <span class='ocrx_word' id='word_1_66' title='bbox 339 1130 504 1191; x_wconf 89' lang='lat' dir='ltr'>decurrunt</span> <span class='ocrx_word' id='word_1_67' title='bbox 526 1137 558 1190; x_wconf 89' lang='lat' dir='ltr'>et</span> <span class='ocrx_word' id='word_1_68' title='bbox 585 1132 702 1191; x_wconf 90' lang='lat' dir='ltr'>eminus</span> <span class='ocrx_word' id='word_1_69' title='bbox 731 1131 798 1191; x_wconf 92' lang='lat' dir='ltr'>sine</span> <span class='ocrx_word' id='word_1_70' title='bbox 825 1131 960 1209; x_wconf 90' lang='lat' dir='ltr'>periculo</span> <span class='ocrx_word' id='word_1_71' title='bbox 982 1132 1163 1211; x_wconf 88' lang='lat' dir='ltr'>proeliantur</span> 
     </span>
     <span class='ocr_line' id='line_1_11' title="bbox 159 1217 1161 1295; baseline 0.001 -19"><span class='ocrx_word' id='word_1_72' title='bbox 159 1218 331 1293; x_wconf 89' lang='lat' dir='ltr'>multosque</span> <span class='ocrx_word' id='word_1_73' title='bbox 342 1217 539 1295; x_wconf 86' lang='lat' dir='ltr'>pertinaciter</span> <span class='ocrx_word' id='word_1_74' title='bbox 561 1218 763 1277; x_wconf 74' lang='lat' dir='ltr'>succedentes</span> <span class='ocrx_word' id='word_1_75' title='bbox 780 1217 955 1292; x_wconf 74' lang='lat' dir='ltr'>vulnerant,</span> <span class='ocrx_word' id='word_1_76' title='bbox 978 1238 1040 1277; x_wconf 90' lang='lat' dir='ltr'>non</span> <span class='ocrx_word' id='word_1_77' title='bbox 1062 1217 1161 1278; x_wconf 91' lang='lat' dir='ltr'>deter-</span> 
     </span>
    </p>
   </div>
   <div class='ocr_carea' id='block_1_3' title="bbox 66 1302 1161 1382">
    <p class='ocr_par' dir='ltr' id='par_1_3' title="bbox 66 1302 1161 1382">
     <span class='ocr_line' id='line_1_12' title="bbox 66 1302 1161 1382; baseline -0.001 -19"><span class='ocrx_word' id='word_1_78' title='bbox 66 1330 69 1335; x_wconf 95' lang='lat'>·</span> <span class='ocrx_word' id='word_1_79' title='bbox 159 1311 265 1363; x_wconf 89' lang='lat' dir='ltr'>rentur</span> <span class='ocrx_word' id='word_1_80' title='bbox 286 1309 388 1361; x_wconf 89' lang='lat' dir='ltr'>tamen</span> <span class='ocrx_word' id='word_1_81' title='bbox 410 1302 523 1362; x_wconf 90' lang='lat' dir='ltr'>milites</span> <span class='ocrx_word' id='word_1_82' title='bbox 544 1304 640 1363; x_wconf 84' lang='lat' dir='ltr'>nostri</span> <span class='ocrx_word' id='word_1_83' title='bbox 652 1304 759 1364; x_wconf 86' lang='lat' dir='ltr'>vineas</span> <span class='ocrx_word' id='word_1_84' title='bbox 776 1302 915 1382; x_wconf 85' lang='lat' dir='ltr'>proferre</span> <span class='ocrx_word' id='word_1_85' title='bbox 937 1310 968 1363; x_wconf 92' lang='lat' dir='ltr'>et</span> <span class='ocrx_word' id='word_1_86' title='bbox 989 1303 1093 1363; x_wconf 90' lang='lat' dir='ltr'>labore</span> <span class='ocrx_word' id='word_1_87' title='bbox 1117 1311 1161 1363; x_wconf 92' lang='grc'>01-</span> 
     </span>
    </p>
   </div>
   <div class='ocr_carea' id='block_1_4' title="bbox 158 1388 1164 4045">
    <p class='ocr_par' dir='ltr' id='par_1_4' title="bbox 158 1388 1163 2322">
     <span class='ocr_line' id='line_1_13' title="bbox 160 1388 1162 1467; baseline 0 -19"><span class='ocrx_word' id='word_1_88' title='bbox 160 1410 218 1465; x_wconf 90' lang='lat' dir='ltr'>que</span> <span class='ocrx_word' id='word_1_89' title='bbox 241 1389 385 1467; x_wconf 87' lang='lat' dir='ltr'>operibus</span> <span class='ocrx_word' id='word_1_90' title='bbox 407 1389 543 1448; x_wconf 91' lang='lat' dir='ltr'>locorum</span> <span class='ocrx_word' id='word_1_91' title='bbox 565 1390 687 1449; x_wconf 89' lang='lat' dir='ltr'>vincere</span> <span class='ocrx_word' id='word_1_92' title='bbox 710 1388 917 1451; x_wconf 83' lang='lat' dir='ltr'>difficultates</span> <span class='ocrx_word' id='word_1_93' title='bbox 951 1389 1068 1449; x_wconf 83' lang='lat' dir='ltr'>Eodem</span> <span class='ocrx_word' id='word_1_94' title='bbox 1086 1397 1162 1449; x_wconf 91' lang='lat' dir='ltr'>tem-</span> 
     </span>
     <span class='ocr_line' id='line_1_14' title="bbox 158 1475 1160 1554; baseline -0.001 -18"><span class='ocrx_word' id='word_1_95' title='bbox 158 1496 232 1554; x_wconf 92' lang='lat' dir='ltr'>pore</span> <span class='ocrx_word' id='word_1_96' title='bbox 256 1475 412 1534; x_wconf 89' lang='lat' dir='ltr'>cuniculos</span> <span class='ocrx_word' id='word_1_97' title='bbox 434 1482 534 1535; x_wconf 88' lang='lat' dir='ltr'>tectos</span> <span class='ocrx_word' id='word_1_98' title='bbox 562 1476 600 1534; x_wconf 92' lang='lat' dir='ltr'>ab</span> <span class='ocrx_word' id='word_1_99' title='bbox 629 1476 727 1535; x_wconf 89' lang='lat' dir='ltr'>vineis</span> <span class='ocrx_word' id='word_1_100' title='bbox 757 1482 851 1553; x_wconf 81' lang='lat' dir='ltr'>agrmt</span> <span class='ocrx_word' id='word_1_101' title='bbox 879 1475 918 1535; x_wconf 91' lang='lat' dir='ltr'>ad</span> <span class='ocrx_word' id='word_1_102' title='bbox 941 1483 1034 1554; x_wconf 89' lang='lat' dir='ltr'>caput</span> <span class='ocrx_word' id='word_1_103' title='bbox 1055 1475 1160 1552; x_wconf 89' lang='lat' dir='ltr'>fontis,</span> 
     </span>
     <span class='ocr_line' id='line_1_15' title="bbox 160 1561 1161 1639; baseline 0 -18"><span class='ocrx_word' id='word_1_104' title='bbox 160 1561 241 1638; x_wconf 92' lang='lat' dir='ltr'>quod</span> <span class='ocrx_word' id='word_1_105' title='bbox 263 1581 361 1639; x_wconf 88' lang='lat' dir='ltr'>genus</span> <span class='ocrx_word' id='word_1_106' title='bbox 384 1561 485 1638; x_wconf 89' lang='lat' dir='ltr'>operis</span> <span class='ocrx_word' id='word_1_107' title='bbox 509 1561 574 1620; x_wconf 90' lang='lat' dir='ltr'>sine</span> <span class='ocrx_word' id='word_1_108' title='bbox 596 1561 658 1619; x_wconf 90' lang='lat' dir='ltr'>ullo</span> <span class='ocrx_word' id='word_1_109' title='bbox 680 1562 816 1639; x_wconf 91' lang='lat' dir='ltr'>periculo</span> <span class='ocrx_word' id='word_1_110' title='bbox 846 1568 877 1621; x_wconf 91' lang='grc'>01</span> <span class='ocrx_word' id='word_1_111' title='bbox 899 1561 965 1622; x_wconf 90' lang='lat' dir='ltr'>sine</span> <span class='ocrx_word' id='word_1_112' title='bbox 988 1562 1161 1639; x_wconf 82' lang='lat' dir='ltr'>suspicione</span> 
     </span>
     <span class='ocr_line' id='line_1_16' title="bbox 159 1646 1161 1724; baseline -0.002 -17"><span class='ocrx_word' id='word_1_113' title='bbox 159 1648 292 1707; x_wconf 89' lang='lat' dir='ltr'>hostium</span> <span class='ocrx_word' id='word_1_114' title='bbox 315 1646 417 1706; x_wconf 85' lang='lat' dir='ltr'>facere</span> <span class='ocrx_word' id='word_1_115' title='bbox 439 1647 560 1706; x_wconf 90' lang='lat' dir='ltr'>licebat.</span> <span class='ocrx_word' id='word_1_116' title='bbox 605 1647 767 1706; x_wconf 87' lang='lat' dir='ltr'>Extruitur</span> <span class='ocrx_word' id='word_1_117' title='bbox 790 1667 883 1724; x_wconf 83' lang='lat' dir='ltr'>agger</span> <span class='ocrx_word' id='word_1_118' title='bbox 910 1648 942 1705; x_wconf 92' lang='lat' dir='ltr'>in</span> <span class='ocrx_word' id='word_1_119' title='bbox 971 1647 1161 1707; x_wconf 85' lang='lat' dir='ltr'>altitudinem</span> 
     </span>
     <span class='ocr_line' id='line_1_17' title="bbox 159 1732 1160 1812; baseline -0.002 -19"><span class='ocrx_word' id='word_1_120' title='bbox 159 1734 272 1812; x_wconf 91' lang='lat' dir='ltr'>pedum</span> <span class='ocrx_word' id='word_1_121' title='bbox 295 1732 364 1809; x_wconf 90' lang='lat' dir='ltr'>LX,</span> <span class='ocrx_word' id='word_1_122' title='bbox 390 1733 557 1792; x_wconf 87' lang='lat' dir='ltr'>collocatur</span> <span class='ocrx_word' id='word_1_123' title='bbox 579 1733 610 1791; x_wconf 92' lang='lat' dir='ltr'>in</span> <span class='ocrx_word' id='word_1_124' title='bbox 633 1752 668 1792; x_wconf 92' lang='grc'>00</span> <span class='ocrx_word' id='word_1_125' title='bbox 691 1733 785 1792; x_wconf 87' lang='lat' dir='ltr'>turris</span> <span class='ocrx_word' id='word_1_126' title='bbox 808 1732 840 1791; x_wconf 88' lang='grc' dir='ltr'>Χ</span> <span class='ocrx_word' id='word_1_127' title='bbox 862 1733 1076 1808; x_wconf 88' lang='lat' dir='ltr'>tabulatorum,</span> <span class='ocrx_word' id='word_1_128' title='bbox 1099 1753 1160 1792; x_wconf 92' lang='lat' dir='ltr'>non</span> 
     </span>
     <span class='ocr_line' id='line_1_18' title="bbox 161 1818 1163 1897; baseline 0 -19"><span class='ocrx_word' id='word_1_129' title='bbox 161 1819 283 1895; x_wconf 90' lang='lat' dir='ltr'>quidem</span> <span class='ocrx_word' id='word_1_130' title='bbox 315 1837 384 1894; x_wconf 89' lang='lat' dir='ltr'>quae</span> <span class='ocrx_word' id='word_1_131' title='bbox 417 1819 568 1878; x_wconf 90' lang='lat' dir='ltr'>moenibus</span> <span class='ocrx_word' id='word_1_132' title='bbox 599 1819 777 1896; x_wconf 80' lang='lat' dir='ltr'>adaequaret</span> <span class='ocrx_word' id='word_1_133' title='bbox 805 1818 847 1889; x_wconf 92' lang='lat' dir='ltr'>(id</span> <span class='ocrx_word' id='word_1_134' title='bbox 875 1819 955 1878; x_wconf 88' lang='lat' dir='ltr'>enim</span> <span class='ocrx_word' id='word_1_135' title='bbox 977 1820 1068 1879; x_wconf 89' lang='lat' dir='ltr'>nullis</span> <span class='ocrx_word' id='word_1_136' title='bbox 1091 1839 1163 1897; x_wconf 91' lang='lat' dir='ltr'>ope-</span> 
     </span>
     <span class='ocr_line' id='line_1_19' title="bbox 159 1903 1161 1983; baseline 0.001 -20"><span class='ocrx_word' id='word_1_137' title='bbox 159 1907 245 1965; x_wconf 89' lang='lat' dir='ltr'>ribus</span> <span class='ocrx_word' id='word_1_138' title='bbox 268 1903 350 1964; x_wconf 90' lang='lat' dir='ltr'>effici</span> <span class='ocrx_word' id='word_1_139' title='bbox 371 1904 513 1983; x_wconf 85' lang='lat' dir='ltr'>poterat),</span> <span class='ocrx_word' id='word_1_140' title='bbox 538 1905 594 1964; x_wconf 89' lang='lat' dir='ltr'>sed</span> <span class='ocrx_word' id='word_1_141' title='bbox 616 1925 684 1980; x_wconf 88' lang='lat' dir='ltr'>quae</span> <span class='ocrx_word' id='word_1_142' title='bbox 708 1924 853 1983; x_wconf 89' lang='lat' dir='ltr'>superare</span> <span class='ocrx_word' id='word_1_143' title='bbox 881 1904 975 1964; x_wconf 90' lang='lat' dir='ltr'>fontis</span> <span class='ocrx_word' id='word_1_144' title='bbox 1002 1905 1161 1982; x_wconf 80' lang='lat' dir='ltr'>fastigium</span> 
     </span>
     <span class='ocr_line' id='line_1_20' title="bbox 159 1990 1161 2069; baseline 0 -19"><span class='ocrx_word' id='word_1_145' title='bbox 159 1997 274 2069; x_wconf 87' lang='lat' dir='ltr'>posset.</span> <span class='ocrx_word' id='word_1_146' title='bbox 319 1991 368 2049; x_wconf 85' lang='lat' dir='ltr'>Ex</span> <span class='ocrx_word' id='word_1_147' title='bbox 391 2010 427 2051; x_wconf 91' lang='grc'>00</span> <span class='ocrx_word' id='word_1_148' title='bbox 450 2011 543 2066; x_wconf 92' lang='lat' dir='ltr'>quum</span> <span class='ocrx_word' id='word_1_149' title='bbox 564 1991 627 2050; x_wconf 89' lang='lat' dir='ltr'>tela</span> <span class='ocrx_word' id='word_1_150' title='bbox 648 1991 808 2050; x_wconf 91' lang='lat' dir='ltr'>tormentis</span> <span class='ocrx_word' id='word_1_151' title='bbox 827 1991 1005 2067; x_wconf 85' lang='lat' dir='ltr'>jacerentur</span> <span class='ocrx_word' id='word_1_152' title='bbox 1016 1992 1056 2050; x_wconf 91' lang='lat' dir='ltr'>ad</span> <span class='ocrx_word' id='word_1_153' title='bbox 1067 1990 1161 2050; x_wconf 87' lang='lat' dir='ltr'>fontis</span> 
     </span>
     <span class='ocr_line' id='line_1_21' title="bbox 160 2076 1161 2156; baseline 0.001 -20"><span class='ocrx_word' id='word_1_154' title='bbox 160 2077 275 2136; x_wconf 86' lang='lat' dir='ltr'>aditum</span> <span class='ocrx_word' id='word_1_155' title='bbox 297 2096 354 2135; x_wconf 90' lang='lat' dir='ltr'>nec</span> <span class='ocrx_word' id='word_1_156' title='bbox 377 2076 442 2136; x_wconf 92' lang='lat' dir='ltr'>sine</span> <span class='ocrx_word' id='word_1_157' title='bbox 464 2077 600 2155; x_wconf 90' lang='lat' dir='ltr'>periculo</span> <span class='ocrx_word' id='word_1_158' title='bbox 630 2085 758 2156; x_wconf 90' lang='lat' dir='ltr'>possent</span> <span class='ocrx_word' id='word_1_159' title='bbox 789 2078 895 2152; x_wconf 88' lang='lat' dir='ltr'>aquari</span> <span class='ocrx_word' id='word_1_160' title='bbox 918 2078 1071 2156; x_wconf 83' lang='lat' dir='ltr'>oppidani,</span> <span class='ocrx_word' id='word_1_161' title='bbox 1100 2098 1161 2137; x_wconf 91' lang='lat' dir='ltr'>nou</span> 
     </span>
     <span class='ocr_line' id='line_1_22' title="bbox 160 2162 1161 2240; baseline -0.002 -18"><span class='ocrx_word' id='word_1_162' title='bbox 160 2170 278 2222; x_wconf 88' lang='lat' dir='ltr'>tantum</span> <span class='ocrx_word' id='word_1_163' title='bbox 301 2182 413 2240; x_wconf 89' lang='lat' dir='ltr'>pecora</span> <span class='ocrx_word' id='word_1_164' title='bbox 436 2170 527 2240; x_wconf 90' lang='lat' dir='ltr'>atque</span> <span class='ocrx_word' id='word_1_165' title='bbox 552 2163 706 2239; x_wconf 86' lang='lat' dir='ltr'>jumenta,</span> <span class='ocrx_word' id='word_1_166' title='bbox 737 2163 793 2222; x_wconf 89' lang='lat' dir='ltr'>sed</span> <span class='ocrx_word' id='word_1_167' title='bbox 816 2164 906 2222; x_wconf 89' lang='lat' dir='ltr'>etiam</span> <span class='ocrx_word' id='word_1_168' title='bbox 929 2183 1040 2239; x_wconf 88' lang='lat' dir='ltr'>magna</span> <span class='ocrx_word' id='word_1_169' title='bbox 1061 2162 1161 2220; x_wconf 88' lang='lat' dir='ltr'>multi-</span> 
     </span>
     <span class='ocr_line' id='line_1_23' title="bbox 160 2249 940 2322; baseline -0.001 -14"><span class='ocrx_word' id='word_1_170' title='bbox 160 2249 234 2308; x_wconf 91' lang='lat' dir='ltr'>tudo</span> <span class='ocrx_word' id='word_1_171' title='bbox 257 2249 410 2308; x_wconf 90' lang='lat' dir='ltr'>hominum</span> <span class='ocrx_word' id='word_1_172' title='bbox 434 2249 487 2307; x_wconf 90' lang='lat' dir='ltr'>siti</span> <span class='ocrx_word' id='word_1_173' title='bbox 509 2250 755 2308; x_wconf 86' lang='lat' dir='ltr'>consumebatur.</span> <span class='ocrx_word' id='word_1_174' title='bbox 937 2316 940 2322; x_wconf 26' lang='lat'><strong>¹</strong></span> 
     </span>
    </p>

    <p class='ocr_par' dir='ltr' id='par_1_5' title="bbox 159 2333 1162 3527">
     <span class='ocr_line' id='line_1_24' title="bbox 245 2333 1159 2412; baseline -0.001 -19"><span class='ocrx_word' id='word_1_175' title='bbox 245 2334 350 2393; x_wconf 87' lang='lat' dir='ltr'>XLII.</span> <span class='ocrx_word' id='word_1_176' title='bbox 403 2333 469 2405; x_wconf 82' lang='lat' dir='ltr'>Quo</span> <span class='ocrx_word' id='word_1_177' title='bbox 499 2335 578 2393; x_wconf 90' lang='grc'><strong>11010</strong></span> <span class='ocrx_word' id='word_1_178' title='bbox 606 2334 761 2412; x_wconf 86' lang='lat' dir='ltr'>perterriti</span> <span class='ocrx_word' id='word_1_179' title='bbox 790 2333 934 2412; x_wconf 88' lang='lat' dir='ltr'>oppidani</span> <span class='ocrx_word' id='word_1_180' title='bbox 957 2353 1052 2411; x_wconf 89' lang='lat' dir='ltr'>cupas</span> <span class='ocrx_word' id='word_1_181' title='bbox 1076 2353 1159 2409; x_wconf 90' lang='lat' dir='ltr'>sevo,</span> 
     </span>
     <span class='ocr_line' id='line_1_25' title="bbox 160 2419 1160 2499; baseline -0.001 -20"><span class='ocrx_word' id='word_1_182' title='bbox 160 2421 237 2499; x_wconf 90' lang='lat' dir='ltr'>pice,</span> <span class='ocrx_word' id='word_1_183' title='bbox 262 2419 417 2479; x_wconf 86' lang='lat' dir='ltr'>scandulis</span> <span class='ocrx_word' id='word_1_184' title='bbox 429 2421 596 2498; x_wconf 71' lang='lat' dir='ltr'>complent,</span> <span class='ocrx_word' id='word_1_185' title='bbox 621 2440 673 2479; x_wconf 89' lang='lat' dir='ltr'>eas</span> <span class='ocrx_word' id='word_1_186' title='bbox 697 2419 839 2478; x_wconf 87' lang='lat' dir='ltr'>ardentes</span> <span class='ocrx_word' id='word_1_187' title='bbox 867 2421 899 2478; x_wconf 89' lang='grc'>11</span> <span class='ocrx_word' id='word_1_188' title='bbox 926 2437 1019 2496; x_wconf 87' lang='lat' dir='ltr'>opera</span> <span class='ocrx_word' id='word_1_189' title='bbox 1040 2420 1160 2497; x_wconf 90' lang='lat' dir='ltr'>provol-</span> 
     </span>
     <span class='ocr_line' id='line_1_26' title="bbox 161 2505 1159 2584; baseline -0.003 -18"><span class='ocrx_word' id='word_1_190' title='bbox 161 2515 238 2566; x_wconf 91' lang='lat' dir='ltr'>vunt</span> <span class='ocrx_word' id='word_1_191' title='bbox 271 2505 439 2581; x_wconf 89' lang='lat' dir='ltr'>eodemque</span> <span class='ocrx_word' id='word_1_192' title='bbox 472 2513 609 2584; x_wconf 92' lang='lat' dir='ltr'>tempore</span> <span class='ocrx_word' id='word_1_193' title='bbox 644 2505 789 2566; x_wconf 88' lang='lat' dir='ltr'>acerrime</span> <span class='ocrx_word' id='word_1_194' title='bbox 823 2505 1019 2583; x_wconf 89' lang='lat' dir='ltr'>proeliantur,</span> <span class='ocrx_word' id='word_1_195' title='bbox 1054 2514 1088 2564; x_wconf 92' lang='lat' dir='ltr'>ut</span> <span class='ocrx_word' id='word_1_196' title='bbox 1121 2507 1159 2564; x_wconf 92' lang='lat' dir='ltr'>ab</span> 
     </span>
     <span class='ocr_line' id='line_1_27' title="bbox 160 2590 1162 2671; baseline -0.001 -20"><span class='ocrx_word' id='word_1_197' title='bbox 160 2592 300 2651; x_wconf 91' lang='lat' dir='ltr'>incendio</span> <span class='ocrx_word' id='word_1_198' title='bbox 333 2591 552 2668; x_wconf 87' lang='lat' dir='ltr'>restingvendo</span> <span class='ocrx_word' id='word_1_199' title='bbox 581 2591 784 2651; x_wconf 86' lang='lat' dir='ltr'>dimicationis</span> <span class='ocrx_word' id='word_1_200' title='bbox 823 2591 958 2671; x_wconf 85' lang='lat' dir='ltr'>periculo</span> <span class='ocrx_word' id='word_1_201' title='bbox 987 2590 1162 2650; x_wconf 87' lang='lat' dir='ltr'>deterreant</span> 
     </span>
     <span class='ocr_line' id='line_1_28' title="bbox 160 2676 1160 2756; baseline -0.001 -19"><span class='ocrx_word' id='word_1_202' title='bbox 160 2679 326 2737; x_wconf 86' lang='lat' dir='ltr'>Romanos.</span> <span class='ocrx_word' id='word_1_203' title='bbox 383 2677 497 2754; x_wconf 89' lang='lat' dir='ltr'>Magna</span> <span class='ocrx_word' id='word_1_204' title='bbox 529 2684 655 2756; x_wconf 89' lang='lat' dir='ltr'>repente</span> <span class='ocrx_word' id='word_1_205' title='bbox 687 2678 719 2736; x_wconf 89' lang='lat' dir='ltr'>in</span> <span class='ocrx_word' id='word_1_206' title='bbox 751 2677 827 2755; x_wconf 90' lang='lat' dir='ltr'>ipsis</span> <span class='ocrx_word' id='word_1_207' title='bbox 861 2677 1003 2755; x_wconf 90' lang='lat' dir='ltr'>operibus</span> <span class='ocrx_word' id='word_1_208' title='bbox 1037 2676 1160 2736; x_wconf 88' lang='lat' dir='ltr'>flamma</span> 
     </span>
     <span class='ocr_line' id='line_1_29' title="bbox 160 2762 1162 2842; baseline 0 -19"><span class='ocrx_word' id='word_1_209' title='bbox 160 2764 268 2824; x_wconf 87' lang='grc'><strong>0111111.</strong></span> <span class='ocrx_word' id='word_1_210' title='bbox 315 2762 511 2840; x_wconf 83' lang='lat' dir='ltr'>Quaecunque</span> <span class='ocrx_word' id='word_1_211' title='bbox 534 2764 615 2823; x_wconf 90' lang='lat' dir='ltr'>enim</span> <span class='ocrx_word' id='word_1_212' title='bbox 642 2784 698 2842; x_wconf 91' lang='lat' dir='ltr'>per</span> <span class='ocrx_word' id='word_1_213' title='bbox 724 2763 825 2823; x_wconf 86' lang='lat' dir='ltr'>iocum</span> <span class='ocrx_word' id='word_1_214' title='bbox 851 2763 1040 2841; x_wconf 87' lang='lat' dir='ltr'>praecipitem</span> <span class='ocrx_word' id='word_1_215' title='bbox 1067 2763 1162 2823; x_wconf 90' lang='lat' dir='ltr'>missa</span> 
     </span>
     <span class='ocr_line' id='line_1_30' title="bbox 161 2848 1162 2928; baseline -0.001 -19"><span class='ocrx_word' id='word_1_216' title='bbox 161 2856 256 2925; x_wconf 87' lang='lat' dir='ltr'>erant,</span> <span class='ocrx_word' id='word_1_217' title='bbox 280 2869 317 2908; x_wconf 91' lang='grc'>00</span> <span class='ocrx_word' id='word_1_218' title='bbox 344 2848 442 2909; x_wconf 81' lang='lat' dir='ltr'>vineis</span> <span class='ocrx_word' id='word_1_219' title='bbox 471 2856 502 2909; x_wconf 92' lang='lat' dir='ltr'>et</span> <span class='ocrx_word' id='word_1_220' title='bbox 529 2870 640 2927; x_wconf 87' lang='lat' dir='ltr'>aggere</span> <span class='ocrx_word' id='word_1_221' title='bbox 669 2869 837 2928; x_wconf 91' lang='lat' dir='ltr'>suppressa</span> <span class='ocrx_word' id='word_1_222' title='bbox 864 2849 1162 2928; x_wconf 88' lang='lat' dir='ltr'>comprehendebant</span> 
     </span>
     <span class='ocr_line' id='line_1_31' title="bbox 159 2935 1160 3014; baseline 0 -21"><span class='ocrx_word' id='word_1_223' title='bbox 159 2936 191 2993; x_wconf 94' lang='lat' dir='ltr'>id</span> <span class='ocrx_word' id='word_1_224' title='bbox 212 2936 323 3014; x_wconf 89' lang='lat' dir='ltr'>ipsum,</span> <span class='ocrx_word' id='word_1_225' title='bbox 346 2935 634 3010; x_wconf 87' lang='lat' dir='ltr'>quod-morabatur.</span> <span class='ocrx_word' id='word_1_226' title='bbox 669 2936 784 2995; x_wconf 84' lang='lat' dir='ltr'>Milites</span> <span class='ocrx_word' id='word_1_227' title='bbox 813 2943 919 2994; x_wconf 90' lang='lat' dir='ltr'>contra</span> <span class='ocrx_word' id='word_1_228' title='bbox 945 2935 1043 2994; x_wconf 90' lang='lat' dir='ltr'>nostri</span> <span class='ocrx_word' id='word_1_229' title='bbox 1066 2955 1160 3010; x_wconf 90' lang='lat' dir='ltr'>quan-</span> 
     </span>
     <span class='ocr_line' id='line_1_32' title="bbox 160 3021 1160 3100; baseline -0.001 -20"><span class='ocrx_word' id='word_1_230' title='bbox 160 3042 250 3097; x_wconf 89' lang='lat' dir='ltr'>quam</span> <span class='ocrx_word' id='word_1_231' title='bbox 271 3021 442 3099; x_wconf 88' lang='lat' dir='ltr'>periculoso</span> <span class='ocrx_word' id='word_1_232' title='bbox 464 3042 577 3098; x_wconf 88' lang='lat' dir='ltr'>genere</span> <span class='ocrx_word' id='word_1_233' title='bbox 599 3022 699 3100; x_wconf 87' lang='lat' dir='ltr'>proelii</span> <span class='ocrx_word' id='word_1_234' title='bbox 721 3023 848 3098; x_wconf 90' lang='lat' dir='ltr'>locoque</span> <span class='ocrx_word' id='word_1_235' title='bbox 859 3021 963 3097; x_wconf 86' lang='lat' dir='ltr'>iniquo</span> <span class='ocrx_word' id='word_1_236' title='bbox 981 3022 1160 3098; x_wconf 89' lang='lat' dir='ltr'>premeban-</span> 
     </span>
     <span class='ocr_line' id='line_1_33' title="bbox 159 3106 1162 3182; baseline 0 -17"><span class='ocrx_word' id='word_1_237' title='bbox 159 3115 218 3182; x_wconf 92' lang='lat' dir='ltr'>tur,</span> <span class='ocrx_word' id='word_1_238' title='bbox 241 3114 345 3166; x_wconf 89' lang='lat' dir='ltr'>tamen</span> <span class='ocrx_word' id='word_1_239' title='bbox 368 3108 468 3166; x_wconf 91' lang='lat' dir='ltr'>omnia</span> <span class='ocrx_word' id='word_1_240' title='bbox 490 3106 658 3167; x_wconf 86' lang='lat' dir='ltr'>fortissimo</span> <span class='ocrx_word' id='word_1_241' title='bbox 670 3108 865 3166; x_wconf 88' lang='lat' dir='ltr'>sustinebant</span> <span class='ocrx_word' id='word_1_242' title='bbox 876 3107 990 3180; x_wconf 89' lang='lat' dir='ltr'>anim0;</span> <span class='ocrx_word' id='word_1_243' title='bbox 1014 3126 1064 3166; x_wconf 89' lang='lat' dir='ltr'>res</span> <span class='ocrx_word' id='word_1_244' title='bbox 1082 3107 1162 3166; x_wconf 90' lang='lat' dir='ltr'>enim</span> 
     </span>
     <span class='ocr_line' id='line_1_34' title="bbox 159 3193 1161 3270; baseline -0.001 -18"><span class='ocrx_word' id='word_1_245' title='bbox 159 3194 324 3270; x_wconf 87' lang='lat' dir='ltr'>gerebatur</span> <span class='ocrx_word' id='word_1_246' title='bbox 347 3199 377 3251; x_wconf 91' lang='lat' dir='ltr'>et</span> <span class='ocrx_word' id='word_1_247' title='bbox 400 3193 521 3252; x_wconf 87' lang='grc'><strong>0100100</strong></span> <span class='ocrx_word' id='word_1_248' title='bbox 544 3195 610 3253; x_wconf 88' lang='grc'><strong>1000</strong></span> <span class='ocrx_word' id='word_1_249' title='bbox 634 3200 665 3252; x_wconf 89' lang='grc'>01</span> <span class='ocrx_word' id='word_1_250' title='bbox 686 3194 718 3252; x_wconf 91' lang='lat' dir='ltr'>in</span> <span class='ocrx_word' id='word_1_251' title='bbox 742 3199 909 3270; x_wconf 88' lang='lat' dir='ltr'>conspectu</span> <span class='ocrx_word' id='word_1_252' title='bbox 934 3193 1086 3252; x_wconf 88' lang='lat' dir='ltr'>exercitus</span> <span class='ocrx_word' id='word_1_253' title='bbox 1108 3213 1161 3251; x_wconf 92' lang='lat' dir='ltr'>no-</span> 
     </span>
     <span class='ocr_line' id='line_1_35' title="bbox 159 3278 1162 3355; baseline -0.001 -18"><span class='ocrx_word' id='word_1_254' title='bbox 159 3279 217 3337; x_wconf 88' lang='lat' dir='ltr'>stri</span> <span class='ocrx_word' id='word_1_255' title='bbox 244 3298 434 3355; x_wconf 88' lang='lat' dir='ltr'>magnusque</span> <span class='ocrx_word' id='word_1_256' title='bbox 464 3280 606 3355; x_wconf 90' lang='lat' dir='ltr'>utrinque</span> <span class='ocrx_word' id='word_1_257' title='bbox 635 3279 750 3338; x_wconf 88' lang='lat' dir='ltr'>clamor</span> <span class='ocrx_word' id='word_1_258' title='bbox 778 3279 941 3338; x_wconf 87' lang='lat' dir='ltr'>oriebatur.</span> <span class='ocrx_word' id='word_1_259' title='bbox 992 3278 1043 3337; x_wconf 87' lang='lat' dir='ltr'>Ita</span> <span class='ocrx_word' id='word_1_260' title='bbox 1071 3299 1162 3354; x_wconf 90' lang='lat' dir='ltr'>quam</span> 
     </span>
     <span class='ocr_line' id='line_1_36' title="bbox 160 3363 1162 3442; baseline 0.001 -20"><span class='ocrx_word' id='word_1_261' title='bbox 160 3365 287 3440; x_wconf 90' lang='lat' dir='ltr'>quisque</span> <span class='ocrx_word' id='word_1_262' title='bbox 309 3370 431 3441; x_wconf 86' lang='lat' dir='ltr'>poterat</span> <span class='ocrx_word' id='word_1_263' title='bbox 452 3365 584 3424; x_wconf 88' lang='lat' dir='ltr'>maxime</span> <span class='ocrx_word' id='word_1_264' title='bbox 605 3365 745 3442; x_wconf 88' lang='lat' dir='ltr'>insignis,</span> <span class='ocrx_word' id='word_1_265' title='bbox 770 3384 829 3440; x_wconf 92' lang='lat' dir='ltr'>quo</span> <span class='ocrx_word' id='word_1_266' title='bbox 847 3364 948 3423; x_wconf 90' lang='grc'><strong>1101101</strong></span> <span class='ocrx_word' id='word_1_267' title='bbox 959 3363 1162 3439; x_wconf 88' lang='lat' dir='ltr'>testatiorque</span> 
     </span>
     <span class='ocr_line' id='line_1_37' title="bbox 159 3448 1160 3527; baseline -0.001 -19"><span class='ocrx_word' id='word_1_268' title='bbox 159 3450 258 3509; x_wconf 90' lang='lat' dir='ltr'>virtus</span> <span class='ocrx_word' id='word_1_269' title='bbox 281 3457 363 3509; x_wconf 88' lang='lat' dir='ltr'>esset</span> <span class='ocrx_word' id='word_1_270' title='bbox 385 3449 462 3527; x_wconf 88' lang='lat' dir='ltr'>ejus,</span> <span class='ocrx_word' id='word_1_271' title='bbox 485 3451 556 3510; x_wconf 86' lang='lat' dir='ltr'>telis</span> <span class='ocrx_word' id='word_1_272' title='bbox 578 3451 711 3510; x_wconf 89' lang='lat' dir='ltr'>hostium</span> <span class='ocrx_word' id='word_1_273' title='bbox 733 3450 922 3526; x_wconf 87' lang='lat' dir='ltr'>flammaeque</span> <span class='ocrx_word' id='word_1_274' title='bbox 945 3469 978 3510; x_wconf 89' lang='lat' dir='ltr'>se</span> <span class='ocrx_word' id='word_1_275' title='bbox 1001 3448 1160 3509; x_wconf 88' lang='lat' dir='ltr'>offerebat.</span> 
     </span>
    </p>

    <p class='ocr_par' dir='ltr' id='par_1_6' title="bbox 159 3535 1164 4045">
     <span class='ocr_line' id='line_1_38' title="bbox 244 3535 1162 3616; baseline -0.002 -22"><span class='ocrx_word' id='word_1_276' title='bbox 244 3535 368 3594; x_wconf 86' lang='lat' dir='ltr'>XLIII.</span> <span class='ocrx_word' id='word_1_277' title='bbox 404 3535 509 3595; x_wconf 78' lang='lat' dir='ltr'>Caesar</span> <span class='ocrx_word' id='word_1_278' title='bbox 533 3558 626 3613; x_wconf 89' lang='lat' dir='ltr'>quum</span> <span class='ocrx_word' id='word_1_279' title='bbox 638 3538 810 3616; x_wconf 89' lang='lat' dir='ltr'>complures</span> <span class='ocrx_word' id='word_1_280' title='bbox 829 3556 902 3596; x_wconf 89' lang='lat' dir='ltr'>suos</span> <span class='ocrx_word' id='word_1_281' title='bbox 913 3535 1067 3596; x_wconf 89' lang='lat' dir='ltr'>vulnerari</span> <span class='ocrx_word' id='word_1_282' title='bbox 1078 3535 1162 3595; x_wconf 84' lang='lat' dir='ltr'>vide-</span> 
     </span>
     <span class='ocr_line' id='line_1_39' title="bbox 159 3621 1161 3701; baseline -0.002 -21"><span class='ocrx_word' id='word_1_283' title='bbox 159 3630 216 3697; x_wconf 91' lang='lat' dir='ltr'>ret,</span> <span class='ocrx_word' id='word_1_284' title='bbox 240 3641 278 3680; x_wconf 88' lang='grc'>01</span> <span class='ocrx_word' id='word_1_285' title='bbox 300 3621 438 3681; x_wconf 90' lang='lat' dir='ltr'>omnibus</span> <span class='ocrx_word' id='word_1_286' title='bbox 461 3622 565 3700; x_wconf 90' lang='lat' dir='ltr'>oppidi</span> <span class='ocrx_word' id='word_1_287' title='bbox 586 3624 725 3701; x_wconf 87' lang='lat' dir='ltr'>partibus</span> <span class='ocrx_word' id='word_1_288' title='bbox 750 3623 890 3682; x_wconf 86' lang='lat' dir='ltr'>cohortes</span> <span class='ocrx_word' id='word_1_289' title='bbox 912 3627 1044 3680; x_wconf 91' lang='lat' dir='ltr'>montem</span> <span class='ocrx_word' id='word_1_290' title='bbox 1057 3640 1161 3679; x_wconf 86' lang='lat' dir='ltr'>ascen-</span> 
     </span>
     <span class='ocr_line' id='line_1_40' title="bbox 160 3706 1162 3787; baseline -0.002 -21"><span class='ocrx_word' id='word_1_291' title='bbox 160 3707 231 3766; x_wconf 91' lang='lat' dir='ltr'>dere</span> <span class='ocrx_word' id='word_1_292' title='bbox 265 3715 297 3767; x_wconf 91' lang='lat' dir='ltr'>et</span> <span class='ocrx_word' id='word_1_293' title='bbox 330 3707 521 3768; x_wconf 87' lang='lat' dir='ltr'>simulatione</span> <span class='ocrx_word' id='word_1_294' title='bbox 554 3709 698 3768; x_wconf 81' lang='lat' dir='ltr'>moenium</span> <span class='ocrx_word' id='word_1_295' title='bbox 727 3707 971 3787; x_wconf 88' lang='lat' dir='ltr'>occupandorum</span> <span class='ocrx_word' id='word_1_296' title='bbox 1000 3706 1162 3765; x_wconf 88' lang='lat' dir='ltr'>clamorem</span> 
     </span>
     <span class='ocr_line' id='line_1_41' title="bbox 159 3791 1162 3871; baseline -0.002 -19"><span class='ocrx_word' id='word_1_297' title='bbox 159 3793 292 3870; x_wconf 92' lang='lat' dir='ltr'>undique</span> <span class='ocrx_word' id='word_1_298' title='bbox 321 3793 411 3870; x_wconf 88' lang='lat' dir='ltr'>jubet</span> <span class='ocrx_word' id='word_1_299' title='bbox 445 3794 561 3853; x_wconf 91' lang='lat' dir='ltr'>tollere.</span> <span class='ocrx_word' id='word_1_300' title='bbox 617 3794 684 3867; x_wconf 81' lang='lat' dir='ltr'>Quo</span> <span class='ocrx_word' id='word_1_301' title='bbox 718 3793 800 3854; x_wconf 83' lang='lat' dir='ltr'>facto</span> <span class='ocrx_word' id='word_1_302' title='bbox 833 3792 989 3871; x_wconf 88' lang='lat' dir='ltr'>perterriti</span> <span class='ocrx_word' id='word_1_303' title='bbox 1018 3791 1162 3869; x_wconf 90' lang='lat' dir='ltr'>oppidani</span> 
     </span>
     <span class='ocr_line' id='line_1_42' title="bbox 160 3878 1161 3956; baseline -0.002 -18"><span class='ocrx_word' id='word_1_304' title='bbox 160 3900 261 3955; x_wconf 92' lang='lat' dir='ltr'>quum,</span> <span class='ocrx_word' id='word_1_305' title='bbox 286 3878 358 3956; x_wconf 91' lang='lat' dir='ltr'>quid</span> <span class='ocrx_word' id='word_1_306' title='bbox 382 3887 524 3956; x_wconf 88' lang='lat' dir='ltr'>ageretur</span> <span class='ocrx_word' id='word_1_307' title='bbox 546 3880 578 3938; x_wconf 91' lang='lat' dir='ltr'>in</span> <span class='ocrx_word' id='word_1_308' title='bbox 607 3881 683 3940; x_wconf 88' lang='grc'><strong>10010</strong></span> <span class='ocrx_word' id='word_1_309' title='bbox 711 3880 846 3955; x_wconf 86' lang='lat' dir='ltr'>reliquis,</span> <span class='ocrx_word' id='word_1_310' title='bbox 877 3884 981 3938; x_wconf 89' lang='lat' dir='ltr'>essent</span> <span class='ocrx_word' id='word_1_311' title='bbox 1010 3879 1161 3955; x_wconf 90' lang='lat' dir='ltr'>suspensi,</span> 
     </span>
     <span class='ocr_line' id='line_1_43' title="bbox 160 3963 1164 4045; baseline -0.001 -21"><span class='ocrx_word' id='word_1_312' title='bbox 160 3973 307 4025; x_wconf 88' lang='lat' dir='ltr'>revocant</span> <span class='ocrx_word' id='word_1_313' title='bbox 331 3967 368 4024; x_wconf 90' lang='lat' dir='ltr'>ab</span> <span class='ocrx_word' id='word_1_314' title='bbox 393 3965 608 4043; x_wconf 88' lang='lat' dir='ltr'>impugnandis</span> <span class='ocrx_word' id='word_1_315' title='bbox 632 3967 776 4045; x_wconf 85' lang='lat' dir='ltr'>operibus</span> <span class='ocrx_word' id='word_1_316' title='bbox 800 3972 932 4024; x_wconf 88' lang='lat' dir='ltr'>armatos</span> <span class='ocrx_word' id='word_1_317' title='bbox 954 3964 985 4022; x_wconf 90' lang='lat' dir='ltr'>in</span> <span class='ocrx_word' id='word_1_318' title='bbox 1008 3963 1164 4039; x_wconf 89' lang='lat' dir='ltr'>murisque</span> 
     </span>
    </p>
   </div>
   <div class='ocr_carea' id='block_1_5' title="bbox 0 0 1340 4456">
    <p class='ocr_par' dir='ltr' id='par_1_7' title="bbox 0 0 1340 4456">
     <span class='ocr_line' id='line_1_44' title="bbox 0 0 1340 4456; baseline 0 0"><span class='ocrx_word' id='word_1_319' title='bbox 0 0 1340 4456; x_wconf 95' lang='lat' dir='ltr'> </span> 
     </span>
    </p>
   </div>
  </div>
 </body>
</html>
