<?xml version="1.0" encoding="UTF-8"?>
<!DOCTYPE html PUBLIC "-//W3C//DTD XHTML 1.0 Transitional//EN"
    "http://www.w3.org/TR/xhtml1/DTD/xhtml1-transitional.dtd">
<html xmlns="http://www.w3.org/1999/xhtml" xml:lang="en" lang="en">
 <head>
  <title>
</title>
<meta http-equiv="Content-Type" content="text/html;charset=utf-8" />
  <meta name='ocr-system' content='tesseract 3.04.00' />
  <meta name='ocr-capabilities' content='ocr_page ocr_carea ocr_par ocr_line ocrx_word'/>
</head>
<body>
  <div class='ocr_page' id='page_1' title='image "./debellogallico00caesgoog_0120.png"; bbox 0 0 2670 4456; ppageno 0'>
   <div class='ocr_carea' id='block_1_1' title="bbox 521 256 1141 324">
    <p class='ocr_par' dir='ltr' id='par_1_1' title="bbox 521 256 1141 324">
     <span class='ocr_line' id='line_1_1' title="bbox 521 256 1141 324; baseline 0 -16"><span class='ocrx_word' id='word_1_1' title='bbox 521 256 640 308; x_wconf 72' lang='lat' dir='ltr'><strong>erema</strong></span> <span class='ocrx_word' id='word_1_2' title='bbox 660 256 708 310; x_wconf 81' lang='lat' dir='ltr'><strong>vi.</strong></span> <span class='ocrx_word' id='word_1_3' title='bbox 1084 269 1141 324; x_wconf 74' lang='lat'><strong>111</strong></span> 
     </span>
    </p>
   </div>
   <div class='ocr_carea' id='block_1_2' title="bbox 139 451 1151 4026">
    <p class='ocr_par' dir='ltr' id='par_1_2' title="bbox 139 451 1145 1209">
     <span class='ocr_line' id='line_1_2' title="bbox 139 451 1142 530; baseline 0.003 -22"><span class='ocrx_word' id='word_1_4' title='bbox 139 451 223 510; x_wconf 84' lang='lat' dir='ltr'><strong>fecit.</strong></span> <span class='ocrx_word' id='word_1_5' title='bbox 291 451 377 526; x_wconf 89' lang='lat' dir='ltr'><strong>Ipse,</strong></span> <span class='ocrx_word' id='word_1_6' title='bbox 410 471 499 524; x_wconf 89' lang='lat' dir='ltr'><strong>quum</strong></span> <span class='ocrx_word' id='word_1_7' title='bbox 541 462 746 508; x_wconf 86' lang='lat' dir='ltr'><strong>maturescere</strong></span> <span class='ocrx_word' id='word_1_8' title='bbox 779 452 933 510; x_wconf 82' lang='lat' dir='ltr'><strong>frumenta</strong></span> <span class='ocrx_word' id='word_1_9' title='bbox 964 453 1142 530; x_wconf 77' lang='lat' dir='ltr'>inciperent,</span> 
     </span>
     <span class='ocr_line' id='line_1_3' title="bbox 141 535 1143 613; baseline 0.001 -19"><span class='ocrx_word' id='word_1_10' title='bbox 141 535 180 595; x_wconf 88' lang='lat' dir='ltr'><strong>ad</strong></span> <span class='ocrx_word' id='word_1_11' title='bbox 201 536 314 593; x_wconf 91' lang='lat' dir='ltr'><strong>bellum</strong></span> <span class='ocrx_word' id='word_1_12' title='bbox 336 536 522 611; x_wconf 80' lang='lat' dir='ltr'>Ambiorigis</span> <span class='ocrx_word' id='word_1_13' title='bbox 545 536 702 613; x_wconf 79' lang='lat' dir='ltr'><strong>proiectus</strong></span> <span class='ocrx_word' id='word_1_14' title='bbox 726 556 781 612; x_wconf 93' lang='lat' dir='ltr'><strong>per</strong></span> <span class='ocrx_word' id='word_1_15' title='bbox 804 537 1001 595; x_wconf 75' lang='lat' dir='ltr'><strong>Arduennam</strong></span> <span class='ocrx_word' id='word_1_16' title='bbox 1025 539 1143 611; x_wconf 87' lang='lat' dir='ltr'><strong>silvam,</strong></span> 
     </span>
     <span class='ocr_line' id='line_1_4' title="bbox 141 621 1143 699; baseline 0.003 -20"><span class='ocrx_word' id='word_1_17' title='bbox 141 641 209 699; x_wconf 79' lang='lat' dir='ltr'><strong>quae</strong></span> <span class='ocrx_word' id='word_1_18' title='bbox 232 628 279 679; x_wconf 86' lang='lat' dir='ltr'><strong>est</strong></span> <span class='ocrx_word' id='word_1_19' title='bbox 302 621 395 679; x_wconf 90' lang='lat' dir='ltr'><strong>totius</strong></span> <span class='ocrx_word' id='word_1_20' title='bbox 419 621 528 680; x_wconf 78' lang='lat' dir='ltr'><strong>Galliae</strong></span> <span class='ocrx_word' id='word_1_21' title='bbox 552 621 681 678; x_wconf 83' lang='lat' dir='ltr'><strong>inaxima</strong></span> <span class='ocrx_word' id='word_1_22' title='bbox 704 630 795 696; x_wconf 88' lang='lat' dir='ltr'><strong>atque</strong></span> <span class='ocrx_word' id='word_1_23' title='bbox 814 624 850 680; x_wconf 87' lang='lat' dir='ltr'><strong>ab</strong></span> <span class='ocrx_word' id='word_1_24' title='bbox 869 623 943 699; x_wconf 86' lang='lat' dir='ltr'><strong>ripis</strong></span> <span class='ocrx_word' id='word_1_25' title='bbox 961 624 1060 682; x_wconf 84' lang='lat' dir='ltr'><strong>Rheni</strong></span> <span class='ocrx_word' id='word_1_26' title='bbox 1078 623 1143 682; x_wconf 92' lang='lat' dir='ltr'><strong>fini-</strong></span> 
     </span>
     <span class='ocr_line' id='line_1_5' title="bbox 139 706 1140 785; baseline 0.003 -21"><span class='ocrx_word' id='word_1_27' title='bbox 139 708 257 780; x_wconf 79' lang='lat' dir='ltr'><strong>busque</strong></span> <span class='ocrx_word' id='word_1_28' title='bbox 280 706 474 765; x_wconf 81' lang='lat' dir='ltr'><strong>Trevirorum</strong></span> <span class='ocrx_word' id='word_1_29' title='bbox 498 707 536 765; x_wconf 90' lang='lat' dir='ltr'><strong>ad</strong></span> <span class='ocrx_word' id='word_1_30' title='bbox 559 706 691 765; x_wconf 87' lang='lat' dir='ltr'><strong>Nervios</strong></span> <span class='ocrx_word' id='word_1_31' title='bbox 713 708 846 784; x_wconf 89' lang='lat' dir='ltr'><strong>pertinet</strong></span> <span class='ocrx_word' id='word_1_32' title='bbox 874 710 1056 785; x_wconf 73' lang='lat' dir='ltr'><strong>milibusque</strong></span> <span class='ocrx_word' id='word_1_33' title='bbox 1080 731 1140 767; x_wconf 85' lang='lat' dir='ltr'><strong>am·</strong></span> 
     </span>
     <span class='ocr_line' id='line_1_6' title="bbox 142 791 1145 869; baseline 0.003 -20"><span class='ocrx_word' id='word_1_34' title='bbox 142 792 222 869; x_wconf 86' lang='lat' dir='ltr'><strong>plius</strong></span> <span class='ocrx_word' id='word_1_35' title='bbox 252 791 280 849; x_wconf 92' lang='lat' dir='ltr'>D</span> <span class='ocrx_word' id='word_1_36' title='bbox 309 793 340 849; x_wconf 92' lang='lat' dir='ltr'><strong>in</strong></span> <span class='ocrx_word' id='word_1_37' title='bbox 369 792 588 867; x_wconf 83' lang='lat' dir='ltr'><strong>longitudinem</strong></span> <span class='ocrx_word' id='word_1_38' title='bbox 616 799 709 869; x_wconf 89' lang='lat' dir='ltr'><strong>patet,</strong></span> <span class='ocrx_word' id='word_1_39' title='bbox 755 793 790 849; x_wconf 79' lang='lat' dir='ltr'><strong>L.</strong></span> <span class='ocrx_word' id='word_1_40' title='bbox 821 793 986 851; x_wconf 85' lang='lat' dir='ltr'><strong>Minucium</strong></span> <span class='ocrx_word' id='word_1_41' title='bbox 1008 796 1145 853; x_wconf 77' lang='lat' dir='ltr'><strong>Basilum</strong></span> 
     </span>
     <span class='ocr_line' id='line_1_7' title="bbox 144 876 1144 955; baseline 0.003 -19"><span class='ocrx_word' id='word_1_42' title='bbox 144 897 212 936; x_wconf 90' lang='lat' dir='ltr'><strong>cum</strong></span> <span class='ocrx_word' id='word_1_43' title='bbox 235 877 315 934; x_wconf 89' lang='lat' dir='ltr'><strong>omni</strong></span> <span class='ocrx_word' id='word_1_44' title='bbox 339 876 475 951; x_wconf 88' lang='lat' dir='ltr'><strong>equitatu</strong></span> <span class='ocrx_word' id='word_1_45' title='bbox 499 879 666 955; x_wconf 71' lang='lat' dir='ltr'><strong>praemittit,</strong></span> <span class='ocrx_word' id='word_1_46' title='bbox 698 878 721 934; x_wconf 90' lang='lat' dir='ltr'><strong>si</strong></span> <span class='ocrx_word' id='word_1_47' title='bbox 741 878 813 952; x_wconf 90' lang='lat' dir='ltr'><strong>quid</strong></span> <span class='ocrx_word' id='word_1_48' title='bbox 843 879 999 938; x_wconf 78' lang='lat' dir='ltr'><strong>eeleritate</strong></span> <span class='ocrx_word' id='word_1_49' title='bbox 1027 881 1144 939; x_wconf 87' lang='lat' dir='ltr'><strong>itineris</strong></span> 
     </span>
     <span class='ocr_line' id='line_1_8' title="bbox 144 962 1143 1041; baseline 0.001 -21"><span class='ocrx_word' id='word_1_50' title='bbox 144 970 234 1037; x_wconf 85' lang='lat' dir='ltr'><strong>atque</strong></span> <span class='ocrx_word' id='word_1_51' title='bbox 268 963 496 1039; x_wconf 76' lang='lat' dir='ltr'><strong>opportunitate</strong></span> <span class='ocrx_word' id='word_1_52' title='bbox 530 962 675 1039; x_wconf 85' lang='lat' dir='ltr'><strong>temporis</strong></span> <span class='ocrx_word' id='word_1_53' title='bbox 709 963 856 1039; x_wconf 87' lang='lat' dir='ltr'><strong>proficere</strong></span> <span class='ocrx_word' id='word_1_54' title='bbox 891 965 1002 1041; x_wconf 81' lang='lat' dir='ltr'><strong>possit3</strong></span> <span class='ocrx_word' id='word_1_55' title='bbox 1032 973 1143 1039; x_wconf 87' lang='lat' dir='ltr'><strong>monet,</strong></span> 
     </span>
     <span class='ocr_line' id='line_1_9' title="bbox 140 1047 1144 1126; baseline 0.003 -22"><span class='ocrx_word' id='word_1_56' title='bbox 140 1055 175 1105; x_wconf 90' lang='lat' dir='ltr'><strong>ut</strong></span> <span class='ocrx_word' id='word_1_57' title='bbox 195 1047 283 1122; x_wconf 81' lang='lat' dir='ltr'><strong>ignes</strong></span> <span class='ocrx_word' id='word_1_58' title='bbox 307 1048 336 1105; x_wconf 92' lang='lat' dir='ltr'><strong>in</strong></span> <span class='ocrx_word' id='word_1_59' title='bbox 360 1048 470 1106; x_wconf 86' lang='lat' dir='ltr'><strong>castris</strong></span> <span class='ocrx_word' id='word_1_60' title='bbox 492 1047 556 1106; x_wconf 87' lang='lat' dir='ltr'><strong>fieri</strong></span> <span class='ocrx_word' id='word_1_61' title='bbox 580 1048 749 1126; x_wconf 87' lang='lat' dir='ltr'><strong>prohibeat,</strong></span> <span class='ocrx_word' id='word_1_62' title='bbox 779 1070 816 1106; x_wconf 93' lang='lat' dir='ltr'><strong>ue</strong></span> <span class='ocrx_word' id='word_1_63' title='bbox 847 1070 907 1123; x_wconf 91' lang='lat' dir='ltr'><strong>qua</strong></span> <span class='ocrx_word' id='word_1_64' title='bbox 936 1049 1003 1124; x_wconf 78' lang='lat' dir='ltr'><strong>ejus</strong></span> <span class='ocrx_word' id='word_1_65' title='bbox 1032 1051 1144 1109; x_wconf 68' lang='lat' dir='ltr'><strong>erlven-</strong></span> 
     </span>
     <span class='ocr_line' id='line_1_10' title="bbox 141 1133 1145 1209; baseline 0.002 -19"><span class='ocrx_word' id='word_1_66' title='bbox 141 1140 190 1191; x_wconf 91' lang='lat' dir='ltr'><strong>tus</strong></span> <span class='ocrx_word' id='word_1_67' title='bbox 214 1133 321 1209; x_wconf 90' lang='lat' dir='ltr'><strong>procul</strong></span> <span class='ocrx_word' id='word_1_68' title='bbox 344 1133 524 1209; x_wconf 85' lang='lat' dir='ltr'><strong>significatio</strong></span> <span class='ocrx_word' id='word_1_69' title='bbox 542 1134 611 1206; x_wconf 74' lang='lat' dir='ltr'><strong>fiat,</strong></span> <span class='ocrx_word' id='word_1_70' title='bbox 633 1154 702 1192; x_wconf 85' lang='lat' dir='ltr'><strong>sese</strong></span> <span class='ocrx_word' id='word_1_71' title='bbox 720 1133 880 1191; x_wconf 80' lang='lat' dir='ltr'><strong>confestim</strong></span> <span class='ocrx_word' id='word_1_72' title='bbox 899 1136 1044 1209; x_wconf 82' lang='lat' dir='ltr'><strong>subsequi</strong></span> <span class='ocrx_word' id='word_1_73' title='bbox 1061 1136 1145 1192; x_wconf 90' lang='lat' dir='ltr'><strong>dicit.</strong></span> 
     </span>
    </p>

    <p class='ocr_par' dir='ltr' id='par_1_3' title="bbox 140 1218 1148 2900">
     <span class='ocr_line' id='line_1_11' title="bbox 227 1218 1146 1296; baseline 0.002 -21"><span class='ocrx_word' id='word_1_74' title='bbox 227 1218 333 1296; x_wconf 85' lang='lat' dir='ltr'>XXX.</span> <span class='ocrx_word' id='word_1_75' title='bbox 379 1219 512 1294; x_wconf 79' lang='lat' dir='ltr'><strong>Basilus,</strong></span> <span class='ocrx_word' id='word_1_76' title='bbox 538 1228 571 1276; x_wconf 88' lang='lat' dir='ltr'><strong>ut</strong></span> <span class='ocrx_word' id='word_1_77' title='bbox 593 1220 774 1296; x_wconf 89' lang='lat' dir='ltr'><strong>imperatum</strong></span> <span class='ocrx_word' id='word_1_78' title='bbox 798 1230 853 1294; x_wconf 85' lang='lat' dir='ltr'><strong>est,</strong></span> <span class='ocrx_word' id='word_1_79' title='bbox 885 1219 974 1291; x_wconf 88' lang='lat' dir='ltr'><strong>facit;</strong></span> <span class='ocrx_word' id='word_1_80' title='bbox 1006 1221 1146 1278; x_wconf 75' lang='lat' dir='ltr'><strong>celeriter</strong></span> 
     </span>
     <span class='ocr_line' id='line_1_12' title="bbox 142 1304 1146 1382; baseline 0.004 -22"><span class='ocrx_word' id='word_1_81' title='bbox 142 1310 308 1377; x_wconf 83' lang='lat' dir='ltr'><strong>contraque</strong></span> <span class='ocrx_word' id='word_1_82' title='bbox 348 1305 479 1362; x_wconf 91' lang='lat' dir='ltr'><strong>omnium</strong></span> <span class='ocrx_word' id='word_1_83' title='bbox 513 1305 683 1382; x_wconf 86' lang='lat' dir='ltr'><strong>opinionem</strong></span> <span class='ocrx_word' id='word_1_84' title='bbox 722 1304 860 1363; x_wconf 86' lang='lat' dir='ltr'><strong>confecto</strong></span> <span class='ocrx_word' id='word_1_85' title='bbox 893 1307 1000 1363; x_wconf 90' lang='lat' dir='ltr'><strong>itinere</strong></span> <span class='ocrx_word' id='word_1_86' title='bbox 1034 1306 1146 1364; x_wconf 90' lang='lat' dir='ltr'><strong>multos</strong></span> 
     </span>
     <span class='ocr_line' id='line_1_13' title="bbox 141 1389 1144 1468; baseline 0.002 -23"><span class='ocrx_word' id='word_1_87' title='bbox 141 1389 174 1446; x_wconf 89' lang='lat' dir='ltr'><strong>in</strong></span> <span class='ocrx_word' id='word_1_88' title='bbox 196 1389 277 1464; x_wconf 84' lang='lat' dir='ltr'><strong>agris</strong></span> <span class='ocrx_word' id='word_1_89' title='bbox 302 1389 492 1465; x_wconf 82' lang='lat' dir='ltr'><strong>inopinantes</strong></span> <span class='ocrx_word' id='word_1_90' title='bbox 516 1391 729 1467; x_wconf 71' lang='lat' dir='ltr'><strong>deprehendit,</strong></span> <span class='ocrx_word' id='word_1_91' title='bbox 760 1412 863 1449; x_wconf 88' lang='lat' dir='ltr'><strong>eorum</strong></span> <span class='ocrx_word' id='word_1_92' title='bbox 894 1391 1003 1449; x_wconf 90' lang='lat' dir='ltr'><strong>indicio</strong></span> <span class='ocrx_word' id='word_1_93' title='bbox 1033 1391 1071 1449; x_wconf 90' lang='lat' dir='ltr'><strong>ad</strong></span> <span class='ocrx_word' id='word_1_94' title='bbox 1100 1391 1144 1468; x_wconf 88' lang='lat' dir='ltr'><strong>ip-</strong></span> 
     </span>
     <span class='ocr_line' id='line_1_14' title="bbox 142 1475 1145 1554; baseline 0.001 -22"><span class='ocrx_word' id='word_1_95' title='bbox 142 1493 210 1532; x_wconf 92' lang='lat' dir='ltr'><strong>sum</strong></span> <span class='ocrx_word' id='word_1_96' title='bbox 222 1475 429 1552; x_wconf 83' lang='lat' dir='ltr'><strong>Ambiorigem</strong></span> <span class='ocrx_word' id='word_1_97' title='bbox 450 1476 614 1549; x_wconf 84' lang='lat' dir='ltr'><strong>contendit,</strong></span> <span class='ocrx_word' id='word_1_98' title='bbox 639 1497 697 1550; x_wconf 91' lang='lat' dir='ltr'><strong>quo</strong></span> <span class='ocrx_word' id='word_1_99' title='bbox 718 1476 747 1533; x_wconf 91' lang='lat' dir='ltr'><strong>in</strong></span> <span class='ocrx_word' id='word_1_100' title='bbox 765 1477 831 1534; x_wconf 90' lang='lat' dir='ltr'><strong>loco</strong></span> <span class='ocrx_word' id='word_1_101' title='bbox 851 1497 918 1534; x_wconf 90' lang='lat' dir='ltr'><strong>cum</strong></span> <span class='ocrx_word' id='word_1_102' title='bbox 937 1478 1042 1554; x_wconf 81' lang='lat' dir='ltr'><strong>paucis</strong></span> <span class='ocrx_word' id='word_1_103' title='bbox 1063 1477 1145 1551; x_wconf 89' lang='lat' dir='ltr'><strong>equi-</strong></span> 
     </span>
     <span class='ocr_line' id='line_1_15' title="bbox 143 1559 1144 1635; baseline 0.003 -19"><span class='ocrx_word' id='word_1_104' title='bbox 143 1559 226 1617; x_wconf 88' lang='lat' dir='ltr'><strong>tibus</strong></span> <span class='ocrx_word' id='word_1_105' title='bbox 250 1580 318 1617; x_wconf 91' lang='lat' dir='ltr'><strong>esse</strong></span> <span class='ocrx_word' id='word_1_106' title='bbox 342 1560 508 1619; x_wconf 84' lang='lat' dir='ltr'><strong>dicebatur.</strong></span> <span class='ocrx_word' id='word_1_107' title='bbox 555 1561 685 1618; x_wconf 87' lang='lat' dir='ltr'><strong>Multum</strong></span> <span class='ocrx_word' id='word_1_108' title='bbox 713 1582 805 1635; x_wconf 90' lang='lat' dir='ltr'><strong>quum</strong></span> <span class='ocrx_word' id='word_1_109' title='bbox 827 1563 858 1619; x_wconf 87' lang='lat' dir='ltr'><strong>in</strong></span> <span class='ocrx_word' id='word_1_110' title='bbox 882 1564 1020 1626; x_wconf 84' lang='lat' dir='ltr'><strong>omnibus</strong></span> <span class='ocrx_word' id='word_1_111' title='bbox 1043 1564 1144 1635; x_wconf 87' lang='lat' dir='ltr'><strong>rebus,</strong></span> 
     </span>
     <span class='ocr_line' id='line_1_16' title="bbox 144 1645 1145 1724; baseline 0.002 -22"><span class='ocrx_word' id='word_1_112' title='bbox 144 1650 209 1702; x_wconf 89' lang='lat' dir='ltr'><strong>tum</strong></span> <span class='ocrx_word' id='word_1_113' title='bbox 232 1645 262 1702; x_wconf 94' lang='lat' dir='ltr'><strong>in</strong></span> <span class='ocrx_word' id='word_1_114' title='bbox 285 1665 318 1703; x_wconf 92' lang='lat' dir='ltr'><strong>re</strong></span> <span class='ocrx_word' id='word_1_115' title='bbox 341 1647 463 1704; x_wconf 84' lang='lat' dir='ltr'><strong>militari</strong></span> <span class='ocrx_word' id='word_1_116' title='bbox 491 1654 594 1724; x_wconf 89' lang='lat' dir='ltr'><strong>potest</strong></span> <span class='ocrx_word' id='word_1_117' title='bbox 622 1645 753 1705; x_wconf 82' lang='lat' dir='ltr'><strong>fortuna.</strong></span> <span class='ocrx_word' id='word_1_118' title='bbox 811 1648 890 1705; x_wconf 86' lang='lat' dir='ltr'><strong>Nam</strong></span> <span class='ocrx_word' id='word_1_119' title='bbox 924 1649 1004 1705; x_wconf 89' lang='lat' dir='ltr'><strong>sicut</strong></span> <span class='ocrx_word' id='word_1_120' title='bbox 1036 1667 1145 1722; x_wconf 81' lang='lat' dir='ltr'><strong>magno</strong></span> 
     </span>
     <span class='ocr_line' id='line_1_17' title="bbox 143 1730 1145 1809; baseline 0.002 -22"><span class='ocrx_word' id='word_1_121' title='bbox 143 1730 254 1788; x_wconf 88' lang='lat' dir='ltr'><strong>accidit</strong></span> <span class='ocrx_word' id='word_1_122' title='bbox 277 1751 360 1804; x_wconf 90' lang='lat' dir='ltr'><strong>casu,</strong></span> <span class='ocrx_word' id='word_1_123' title='bbox 384 1732 471 1789; x_wconf 91' lang='lat' dir='ltr'><strong>utin</strong></span> <span class='ocrx_word' id='word_1_124' title='bbox 494 1732 593 1809; x_wconf 87' lang='lat' dir='ltr'><strong>ipsum</strong></span> <span class='ocrx_word' id='word_1_125' title='bbox 616 1732 771 1790; x_wconf 88' lang='lat' dir='ltr'><strong>incautum</strong></span> <span class='ocrx_word' id='word_1_126' title='bbox 796 1732 885 1790; x_wconf 86' lang='lat' dir='ltr'><strong>etiam</strong></span> <span class='ocrx_word' id='word_1_127' title='bbox 904 1740 994 1806; x_wconf 87' lang='lat' dir='ltr'><strong>atque</strong></span> <span class='ocrx_word' id='word_1_128' title='bbox 1017 1733 1145 1808; x_wconf 88' lang='lat' dir='ltr'><strong>impara-</strong></span> 
     </span>
     <span class='ocr_line' id='line_1_18' title="bbox 143 1808 1146 1894; baseline 0.002 -22"><span class='ocrx_word' id='word_1_129' title='bbox 143 1822 207 1872; x_wconf 87' lang='lat' dir='ltr'><strong>tum</strong></span> <span class='ocrx_word' id='word_1_130' title='bbox 229 1808 378 1874; x_wconf 88' lang='lat' dir='ltr'><strong>incideret</strong></span> <span class='ocrx_word' id='word_1_131' title='bbox 400 1817 545 1894; x_wconf 89' lang='lat' dir='ltr'><strong>priusque</strong></span> <span class='ocrx_word' id='word_1_132' title='bbox 574 1817 640 1894; x_wconf 85' lang='lat' dir='ltr'><strong>ejus</strong></span> <span class='ocrx_word' id='word_1_133' title='bbox 669 1818 818 1876; x_wconf 88' lang='lat' dir='ltr'><strong>adventus</strong></span> <span class='ocrx_word' id='word_1_134' title='bbox 848 1819 885 1875; x_wconf 91' lang='lat' dir='ltr'><strong>ab</strong></span> <span class='ocrx_word' id='word_1_135' title='bbox 909 1818 1080 1876; x_wconf 91' lang='lat' dir='ltr'><strong>hominibus</strong></span> <span class='ocrx_word' id='word_1_136' title='bbox 1102 1818 1146 1875; x_wconf 90' lang='lat' dir='ltr'><strong>vi-</strong></span> 
     </span>
     <span class='ocr_line' id='line_1_19' title="bbox 143 1899 1145 1978; baseline 0.003 -21"><span class='ocrx_word' id='word_1_137' title='bbox 143 1899 275 1974; x_wconf 86' lang='lat' dir='ltr'><strong>deretur,</strong></span> <span class='ocrx_word' id='word_1_138' title='bbox 311 1922 401 1975; x_wconf 89' lang='lat' dir='ltr'><strong>quam</strong></span> <span class='ocrx_word' id='word_1_139' title='bbox 432 1901 514 1960; x_wconf 87' lang='lat' dir='ltr'><strong>fama</strong></span> <span class='ocrx_word' id='word_1_140' title='bbox 548 1923 583 1961; x_wconf 91' lang='lat' dir='ltr'><strong>ac</strong></span> <span class='ocrx_word' id='word_1_141' title='bbox 606 1904 729 1961; x_wconf 89' lang='lat' dir='ltr'><strong>nuntius</strong></span> <span class='ocrx_word' id='word_1_142' title='bbox 754 1902 924 1977; x_wconf 85' lang='lat' dir='ltr'><strong>afferretur,</strong></span> <span class='ocrx_word' id='word_1_143' title='bbox 960 1904 1004 1961; x_wconf 89' lang='lat' dir='ltr'><strong>sic</strong></span> <span class='ocrx_word' id='word_1_144' title='bbox 1028 1923 1145 1978; x_wconf 81' lang='lat' dir='ltr'><strong>magnae</strong></span> 
     </span>
     <span class='ocr_line' id='line_1_20' title="bbox 142 1984 1147 2064; baseline 0.002 -21"><span class='ocrx_word' id='word_1_145' title='bbox 142 1984 202 2044; x_wconf 82' lang='lat' dir='ltr'><strong>suit</strong></span> <span class='ocrx_word' id='word_1_146' title='bbox 223 1986 355 2045; x_wconf 85' lang='lat' dir='ltr'><strong>fortunae</strong></span> <span class='ocrx_word' id='word_1_147' title='bbox 390 1988 468 2045; x_wconf 91' lang='lat' dir='ltr'><strong>omni</strong></span> <span class='ocrx_word' id='word_1_148' title='bbox 491 1988 612 2046; x_wconf 87' lang='lat' dir='ltr'><strong>militari</strong></span> <span class='ocrx_word' id='word_1_149' title='bbox 636 1989 847 2063; x_wconf 90' lang='lat' dir='ltr'><strong>instrumento,</strong></span> <span class='ocrx_word' id='word_1_150' title='bbox 872 1989 953 2064; x_wconf 89' lang='lat' dir='ltr'><strong>quod</strong></span> <span class='ocrx_word' id='word_1_151' title='bbox 976 1989 1090 2047; x_wconf 92' lang='lat' dir='ltr'><strong>circum</strong></span> <span class='ocrx_word' id='word_1_152' title='bbox 1114 2008 1147 2046; x_wconf 90' lang='lat' dir='ltr'><strong>se</strong></span> 
     </span>
     <span class='ocr_line' id='line_1_21' title="bbox 141 2071 1145 2152; baseline 0.002 -24"><span class='ocrx_word' id='word_1_153' title='bbox 141 2071 283 2146; x_wconf 88' lang='lat' dir='ltr'><strong>habebat,</strong></span> <span class='ocrx_word' id='word_1_154' title='bbox 309 2079 422 2150; x_wconf 90' lang='lat' dir='ltr'><strong>erepto,</strong></span> <span class='ocrx_word' id='word_1_155' title='bbox 446 2073 528 2132; x_wconf 86' lang='lat' dir='ltr'><strong>redis</strong></span> <span class='ocrx_word' id='word_1_156' title='bbox 553 2075 699 2148; x_wconf 90' lang='lat' dir='ltr'><strong>equisque</strong></span> <span class='ocrx_word' id='word_1_157' title='bbox 723 2075 950 2152; x_wconf 85' lang='lat' dir='ltr'><strong>comprehensis</strong></span> <span class='ocrx_word' id='word_1_158' title='bbox 978 2076 1078 2152; x_wconf 88' lang='lat' dir='ltr'><strong>ipsum</strong></span> <span class='ocrx_word' id='word_1_159' title='bbox 1101 2073 1145 2131; x_wconf 80' lang='lat' dir='ltr'><strong>ef·</strong></span> 
     </span>
     <span class='ocr_line' id='line_1_22' title="bbox 140 2156 1146 2234; baseline 0 -20"><span class='ocrx_word' id='word_1_160' title='bbox 140 2156 249 2234; x_wconf 83' lang='lat' dir='ltr'><strong>fugere</strong></span> <span class='ocrx_word' id='word_1_161' title='bbox 283 2167 420 2216; x_wconf 89' lang='lat' dir='ltr'><strong>mortem.</strong></span> <span class='ocrx_word' id='word_1_162' title='bbox 478 2159 539 2217; x_wconf 84' lang='lat' dir='ltr'><strong>Sed</strong></span> <span class='ocrx_word' id='word_1_163' title='bbox 573 2160 629 2217; x_wconf 86' lang='lat' dir='ltr'><strong>hoc</strong></span> <span class='ocrx_word' id='word_1_164' title='bbox 665 2180 699 2218; x_wconf 90' lang='lat' dir='ltr'><strong>eo</strong></span> <span class='ocrx_word' id='word_1_165' title='bbox 733 2160 849 2218; x_wconf 85' lang='lat' dir='ltr'><strong>factum</strong></span> <span class='ocrx_word' id='word_1_166' title='bbox 879 2168 934 2231; x_wconf 89' lang='lat' dir='ltr'><strong>est,</strong></span> <span class='ocrx_word' id='word_1_167' title='bbox 970 2159 1050 2232; x_wconf 89' lang='lat' dir='ltr'><strong>quod</strong></span> <span class='ocrx_word' id='word_1_168' title='bbox 1074 2159 1146 2215; x_wconf 87' lang='lat' dir='ltr'><strong>aedi-</strong></span> 
     </span>
     <span class='ocr_line' id='line_1_23' title="bbox 141 2241 1146 2314; baseline 0.001 -15"><span class='ocrx_word' id='word_1_169' title='bbox 141 2241 209 2300; x_wconf 87' lang='lat' dir='ltr'><strong>ficio</strong></span> <span class='ocrx_word' id='word_1_170' title='bbox 245 2242 431 2302; x_wconf 89' lang='lat' dir='ltr'><strong>circumdato</strong></span> <span class='ocrx_word' id='word_1_171' title='bbox 467 2245 545 2304; x_wconf 86' lang='lat' dir='ltr'><strong>silva</strong></span> <span class='ocrx_word' id='word_1_172' title='bbox 578 2244 624 2314; x_wconf 86' lang='lat' dir='ltr'><strong>(ut</strong></span> <span class='ocrx_word' id='word_1_173' title='bbox 658 2252 729 2302; x_wconf 90' lang='lat' dir='ltr'><strong>sunt</strong></span> <span class='ocrx_word' id='word_1_174' title='bbox 761 2245 826 2302; x_wconf 85' lang='lat' dir='ltr'><strong>fere</strong></span> <span class='ocrx_word' id='word_1_175' title='bbox 863 2244 1014 2302; x_wconf 89' lang='lat' dir='ltr'><strong>domicilia</strong></span> <span class='ocrx_word' id='word_1_176' title='bbox 1044 2242 1146 2300; x_wconf 76' lang='lat' dir='ltr'><strong>Gallo-</strong></span> 
     </span>
     <span class='ocr_line' id='line_1_24' title="bbox 141 2328 1147 2405; baseline -0.002 -19"><span class='ocrx_word' id='word_1_177' title='bbox 141 2348 218 2401; x_wconf 87' lang='lat' dir='ltr'><strong>rum,</strong></span> <span class='ocrx_word' id='word_1_178' title='bbox 249 2328 300 2402; x_wconf 92' lang='lat' dir='ltr'><strong>qui</strong></span> <span class='ocrx_word' id='word_1_179' title='bbox 328 2328 444 2387; x_wconf 85' lang='lat' dir='ltr'><strong>vitandi</strong></span> <span class='ocrx_word' id='word_1_180' title='bbox 476 2337 570 2388; x_wconf 85' lang='lat' dir='ltr'><strong>aestus</strong></span> <span class='ocrx_word' id='word_1_181' title='bbox 600 2349 693 2387; x_wconf 89' lang='lat' dir='ltr'><strong>causa</strong></span> <span class='ocrx_word' id='word_1_182' title='bbox 726 2330 902 2405; x_wconf 89' lang='lat' dir='ltr'><strong>plerumque</strong></span> <span class='ocrx_word' id='word_1_183' title='bbox 938 2329 1083 2386; x_wconf 82' lang='lat' dir='ltr'><strong>silvarum</strong></span> <span class='ocrx_word' id='word_1_184' title='bbox 1112 2348 1147 2385; x_wconf 90' lang='lat' dir='ltr'><strong>ac</strong></span> 
     </span>
     <span class='ocr_line' id='line_1_25' title="bbox 141 2411 1147 2493; baseline 0 -23"><span class='ocrx_word' id='word_1_185' title='bbox 141 2411 299 2470; x_wconf 88' lang='lat' dir='ltr'><strong>fluminum</strong></span> <span class='ocrx_word' id='word_1_186' title='bbox 328 2422 438 2490; x_wconf 91' lang='lat' dir='ltr'><strong>petunt</strong></span> <span class='ocrx_word' id='word_1_187' title='bbox 471 2413 725 2493; x_wconf 88' lang='lat' dir='ltr'><strong>propinquitates)</strong></span> <span class='ocrx_word' id='word_1_188' title='bbox 762 2415 887 2473; x_wconf 83' lang='lat' dir='ltr'><strong>comites</strong></span> <span class='ocrx_word' id='word_1_189' title='bbox 921 2413 1147 2486; x_wconf 80' lang='lat' dir='ltr'><strong>familiaresque</strong></span> 
     </span>
     <span class='ocr_line' id='line_1_26' title="bbox 143 2497 1148 2577; baseline -0.001 -22"><span class='ocrx_word' id='word_1_190' title='bbox 143 2498 210 2574; x_wconf 83' lang='lat' dir='ltr'><strong>ejus</strong></span> <span class='ocrx_word' id='word_1_191' title='bbox 244 2506 374 2574; x_wconf 83' lang='lat' dir='ltr'><strong>angusto</strong></span> <span class='ocrx_word' id='word_1_192' title='bbox 408 2499 439 2557; x_wconf 89' lang='lat' dir='ltr'><strong>in</strong></span> <span class='ocrx_word' id='word_1_193' title='bbox 462 2500 527 2558; x_wconf 92' lang='lat' dir='ltr'><strong>loco</strong></span> <span class='ocrx_word' id='word_1_194' title='bbox 557 2501 712 2577; x_wconf 84' lang='lat' dir='ltr'><strong>paulisper</strong></span> <span class='ocrx_word' id='word_1_195' title='bbox 735 2501 869 2575; x_wconf 87' lang='lat' dir='ltr'><strong>equitum</strong></span> <span class='ocrx_word' id='word_1_196' title='bbox 891 2506 1065 2557; x_wconf 88' lang='lat' dir='ltr'><strong>nostrorum</strong></span> <span class='ocrx_word' id='word_1_197' title='bbox 1087 2497 1148 2557; x_wconf 87' lang='lat' dir='ltr'><strong>vim</strong></span> 
     </span>
     <span class='ocr_line' id='line_1_27' title="bbox 142 2583 1147 2662; baseline -0.002 -20"><span class='ocrx_word' id='word_1_198' title='bbox 142 2583 362 2642; x_wconf 85' lang='lat' dir='ltr'><strong>sustinuerunt.</strong></span> <span class='ocrx_word' id='word_1_199' title='bbox 408 2585 466 2643; x_wconf 88' lang='lat' dir='ltr'><strong>His</strong></span> <span class='ocrx_word' id='word_1_200' title='bbox 488 2586 695 2662; x_wconf 81' lang='lat' dir='ltr'><strong>pugnantibus</strong></span> <span class='ocrx_word' id='word_1_201' title='bbox 723 2585 808 2642; x_wconf 90' lang='lat' dir='ltr'><strong>illum</strong></span> <span class='ocrx_word' id='word_1_202' title='bbox 836 2585 867 2642; x_wconf 92' lang='lat' dir='ltr'><strong>in</strong></span> <span class='ocrx_word' id='word_1_203' title='bbox 891 2605 1001 2658; x_wconf 86' lang='lat' dir='ltr'><strong>equum</strong></span> <span class='ocrx_word' id='word_1_204' title='bbox 1025 2583 1147 2658; x_wconf 90' lang='lat' dir='ltr'><strong>quidam</strong></span> 
     </span>
     <span class='ocr_line' id='line_1_28' title="bbox 143 2669 1147 2747; baseline -0.002 -20"><span class='ocrx_word' id='word_1_205' title='bbox 143 2689 180 2727; x_wconf 88' lang='lat' dir='ltr'><strong>ex</strong></span> <span class='ocrx_word' id='word_1_206' title='bbox 214 2669 277 2726; x_wconf 89' lang='lat' dir='ltr'><strong>suis</strong></span> <span class='ocrx_word' id='word_1_207' title='bbox 311 2669 421 2743; x_wconf 89' lang='lat' dir='ltr'><strong>intulit,</strong></span> <span class='ocrx_word' id='word_1_208' title='bbox 457 2670 624 2747; x_wconf 78' lang='lat' dir='ltr'><strong>fugientem</strong></span> <span class='ocrx_word' id='word_1_209' title='bbox 658 2671 743 2729; x_wconf 80' lang='lat' dir='ltr'><strong>silvae</strong></span> <span class='ocrx_word' id='word_1_210' title='bbox 767 2677 917 2730; x_wconf 85' lang='lat' dir='ltr'><strong>texerunt.</strong></span> <span class='ocrx_word' id='word_1_211' title='bbox 976 2669 1025 2727; x_wconf 72' lang='lat' dir='ltr'><strong>Sic</strong></span> <span class='ocrx_word' id='word_1_212' title='bbox 1056 2676 1085 2726; x_wconf 91' lang='lat' dir='ltr'><strong>et</strong></span> <span class='ocrx_word' id='word_1_213' title='bbox 1109 2669 1147 2725; x_wconf 90' lang='lat' dir='ltr'><strong>ad</strong></span> 
     </span>
     <span class='ocr_line' id='line_1_29' title="bbox 144 2753 1147 2832; baseline -0.001 -20"><span class='ocrx_word' id='word_1_214' title='bbox 144 2754 335 2812; x_wconf 87' lang='lat' dir='ltr'><strong>subeundum</strong></span> <span class='ocrx_word' id='word_1_215' title='bbox 357 2756 524 2832; x_wconf 89' lang='lat' dir='ltr'><strong>periculum</strong></span> <span class='ocrx_word' id='word_1_216' title='bbox 560 2764 589 2815; x_wconf 89' lang='lat' dir='ltr'><strong>et</strong></span> <span class='ocrx_word' id='word_1_217' title='bbox 621 2757 660 2814; x_wconf 91' lang='lat' dir='ltr'><strong>ad</strong></span> <span class='ocrx_word' id='word_1_218' title='bbox 683 2756 839 2814; x_wconf 90' lang='lat' dir='ltr'><strong>vitandum</strong></span> <span class='ocrx_word' id='word_1_219' title='bbox 867 2755 995 2813; x_wconf 88' lang='lat' dir='ltr'><strong>multum</strong></span> <span class='ocrx_word' id='word_1_220' title='bbox 1024 2753 1147 2812; x_wconf 86' lang='lat' dir='ltr'><strong>fortuna</strong></span> 
     </span>
     <span class='ocr_line' id='line_1_30' title="bbox 143 2839 248 2900; baseline -0.038 0"><span class='ocrx_word' id='word_1_221' title='bbox 143 2839 248 2900; x_wconf 83' lang='lat' dir='ltr'><strong>valuit.</strong></span> 
     </span>
    </p>

    <p class='ocr_par' dir='ltr' id='par_1_4' title="bbox 143 2924 1151 4026">
     <span class='ocr_line' id='line_1_31' title="bbox 229 2924 1148 3004; baseline -0.001 -22"><span class='ocrx_word' id='word_1_222' title='bbox 229 2924 355 2983; x_wconf 90' lang='lat' dir='ltr'>XXXI.</span> <span class='ocrx_word' id='word_1_223' title='bbox 401 2926 561 2984; x_wconf 77' lang='lat' dir='ltr'><strong>Ambiorix</strong></span> <span class='ocrx_word' id='word_1_224' title='bbox 585 2927 688 3004; x_wconf 85' lang='lat' dir='ltr'><strong>copias</strong></span> <span class='ocrx_word' id='word_1_225' title='bbox 713 2946 784 2985; x_wconf 86' lang='lat' dir='ltr'><strong>suas</strong></span> <span class='ocrx_word' id='word_1_226' title='bbox 810 2926 967 3002; x_wconf 89' lang='lat' dir='ltr'><strong>judicione</strong></span> <span class='ocrx_word' id='word_1_227' title='bbox 994 2945 1054 2982; x_wconf 90' lang='lat' dir='ltr'><strong>non</strong></span> <span class='ocrx_word' id='word_1_228' title='bbox 1078 2945 1148 2981; x_wconf 93' lang='lat' dir='ltr'><strong>con-</strong></span> 
     </span>
     <span class='ocr_line' id='line_1_32' title="bbox 144 3009 1148 3087; baseline -0.002 -20"><span class='ocrx_word' id='word_1_229' title='bbox 144 3009 274 3083; x_wconf 86' lang='lat' dir='ltr'><strong>duxerit,</strong></span> <span class='ocrx_word' id='word_1_230' title='bbox 294 3010 373 3084; x_wconf 94' lang='lat' dir='ltr'><strong>quod</strong></span> <span class='ocrx_word' id='word_1_231' title='bbox 391 3012 497 3087; x_wconf 89' lang='lat' dir='ltr'><strong>proelio</strong></span> <span class='ocrx_word' id='word_1_232' title='bbox 517 3012 721 3070; x_wconf 79' lang='lat' dir='ltr'><strong>dimicandum</strong></span> <span class='ocrx_word' id='word_1_233' title='bbox 732 3032 792 3070; x_wconf 88' lang='lat' dir='ltr'><strong>nou</strong></span> <span class='ocrx_word' id='word_1_234' title='bbox 811 3011 999 3082; x_wconf 85' lang='lat' dir='ltr'><strong>existimarit,</strong></span> <span class='ocrx_word' id='word_1_235' title='bbox 1024 3030 1062 3066; x_wconf 89' lang='lat' dir='ltr'><strong>an</strong></span> <span class='ocrx_word' id='word_1_236' title='bbox 1074 3016 1148 3066; x_wconf 88' lang='lat' dir='ltr'><strong>tem-</strong></span> 
     </span>
     <span class='ocr_line' id='line_1_33' title="bbox 143 3094 1147 3173; baseline -0.002 -20"><span class='ocrx_word' id='word_1_237' title='bbox 143 3115 217 3171; x_wconf 91' lang='lat' dir='ltr'><strong>pore</strong></span> <span class='ocrx_word' id='word_1_238' title='bbox 242 3096 384 3154; x_wconf 87' lang='lat' dir='ltr'><strong>exclusus</strong></span> <span class='ocrx_word' id='word_1_239' title='bbox 409 3104 439 3154; x_wconf 90' lang='lat' dir='ltr'><strong>et</strong></span> <span class='ocrx_word' id='word_1_240' title='bbox 462 3098 618 3173; x_wconf 88' lang='lat' dir='ltr'><strong>repentino</strong></span> <span class='ocrx_word' id='word_1_241' title='bbox 643 3097 778 3172; x_wconf 89' lang='lat' dir='ltr'><strong>equitum</strong></span> <span class='ocrx_word' id='word_1_242' title='bbox 810 3096 943 3165; x_wconf 80' lang='lat' dir='ltr'><strong>adyentu</strong></span> <span class='ocrx_word' id='word_1_243' title='bbox 965 3094 1147 3173; x_wconf 83' lang='lat' dir='ltr'><strong>prohibitus,</strong></span> 
     </span>
     <span class='ocr_line' id='line_1_34' title="bbox 144 3180 1147 3257; baseline -0.001 -20"><span class='ocrx_word' id='word_1_244' title='bbox 144 3199 236 3254; x_wconf 90' lang='lat' dir='ltr'><strong>quum</strong></span> <span class='ocrx_word' id='word_1_245' title='bbox 259 3181 408 3255; x_wconf 89' lang='lat' dir='ltr'><strong>reliquum</strong></span> <span class='ocrx_word' id='word_1_246' title='bbox 432 3182 598 3240; x_wconf 84' lang='lat' dir='ltr'><strong>exercitum</strong></span> <span class='ocrx_word' id='word_1_247' title='bbox 610 3183 755 3257; x_wconf 89' lang='lat' dir='ltr'><strong>subsequi</strong></span> <span class='ocrx_word' id='word_1_248' title='bbox 774 3181 921 3255; x_wconf 89' lang='lat' dir='ltr'><strong>crederet,</strong></span> <span class='ocrx_word' id='word_1_249' title='bbox 942 3180 1068 3238; x_wconf 88' lang='lat' dir='ltr'><strong>dubium</strong></span> <span class='ocrx_word' id='word_1_250' title='bbox 1086 3186 1147 3252; x_wconf 90' lang='lat' dir='ltr'><strong>est;</strong></span> 
     </span>
     <span class='ocr_line' id='line_1_35' title="bbox 145 3265 1148 3344; baseline -0.001 -21"><span class='ocrx_word' id='word_1_251' title='bbox 145 3265 200 3323; x_wconf 91' lang='lat' dir='ltr'><strong>sed</strong></span> <span class='ocrx_word' id='word_1_252' title='bbox 224 3273 306 3324; x_wconf 88' lang='lat' dir='ltr'><strong>certe</strong></span> <span class='ocrx_word' id='word_1_253' title='bbox 329 3266 464 3325; x_wconf 86' lang='lat' dir='ltr'><strong>dimissis</strong></span> <span class='ocrx_word' id='word_1_254' title='bbox 487 3288 543 3344; x_wconf 90' lang='lat' dir='ltr'><strong>per</strong></span> <span class='ocrx_word' id='word_1_255' title='bbox 566 3287 656 3343; x_wconf 83' lang='lat' dir='ltr'><strong>agros</strong></span> <span class='ocrx_word' id='word_1_256' title='bbox 679 3267 793 3326; x_wconf 87' lang='lat' dir='ltr'><strong>nuntiis</strong></span> <span class='ocrx_word' id='word_1_257' title='bbox 818 3267 876 3324; x_wconf 90' lang='lat' dir='ltr'><strong>sibi</strong></span> <span class='ocrx_word' id='word_1_258' title='bbox 899 3285 1049 3341; x_wconf 87' lang='lat' dir='ltr'><strong>quemque</strong></span> <span class='ocrx_word' id='word_1_259' title='bbox 1079 3285 1148 3323; x_wconf 91' lang='lat' dir='ltr'><strong>con-</strong></span> 
     </span>
     <span class='ocr_line' id='line_1_36' title="bbox 144 3350 1147 3429; baseline 0 -22"><span class='ocrx_word' id='word_1_260' title='bbox 144 3350 244 3409; x_wconf 85' lang='lat' dir='ltr'><strong>sulere</strong></span> <span class='ocrx_word' id='word_1_261' title='bbox 263 3350 367 3426; x_wconf 86' lang='lat' dir='ltr'><strong>jussit,</strong></span> <span class='ocrx_word' id='word_1_262' title='bbox 392 3373 519 3426; x_wconf 89' lang='lat' dir='ltr'><strong>quorum</strong></span> <span class='ocrx_word' id='word_1_263' title='bbox 542 3373 614 3429; x_wconf 89' lang='lat' dir='ltr'><strong>pars</strong></span> <span class='ocrx_word' id='word_1_264' title='bbox 642 3353 674 3410; x_wconf 90' lang='lat' dir='ltr'><strong>iu</strong></span> <span class='ocrx_word' id='word_1_265' title='bbox 702 3352 899 3410; x_wconf 88' lang='lat' dir='ltr'><strong>Arduennam</strong></span> <span class='ocrx_word' id='word_1_266' title='bbox 922 3352 1046 3425; x_wconf 82' lang='lat' dir='ltr'><strong>silvam,</strong></span> <span class='ocrx_word' id='word_1_267' title='bbox 1075 3370 1147 3429; x_wconf 88' lang='lat' dir='ltr'><strong>pars</strong></span> 
     </span>
     <span class='ocr_line' id='line_1_37' title="bbox 145 3436 1148 3515; baseline -0.001 -22"><span class='ocrx_word' id='word_1_268' title='bbox 145 3436 176 3493; x_wconf 89' lang='lat' dir='ltr'><strong>in</strong></span> <span class='ocrx_word' id='word_1_269' title='bbox 211 3437 401 3494; x_wconf 87' lang='lat' dir='ltr'><strong>continentes</strong></span> <span class='ocrx_word' id='word_1_270' title='bbox 435 3438 562 3514; x_wconf 88' lang='lat' dir='ltr'><strong>paludes</strong></span> <span class='ocrx_word' id='word_1_271' title='bbox 593 3438 729 3515; x_wconf 81' lang='lat' dir='ltr'><strong>profugit</strong></span> <span class='ocrx_word' id='word_1_272' title='bbox 737 3458 743 3511; x_wconf 88' lang='lat'>;</span> <span class='ocrx_word' id='word_1_273' title='bbox 780 3438 830 3512; x_wconf 89' lang='lat' dir='ltr'><strong>qui</strong></span> <span class='ocrx_word' id='word_1_274' title='bbox 863 3438 993 3514; x_wconf 82' lang='lat' dir='ltr'><strong>proximi</strong></span> <span class='ocrx_word' id='word_1_275' title='bbox 1027 3436 1148 3494; x_wconf 87' lang='lat' dir='ltr'><strong>Oceano</strong></span> 
     </span>
     <span class='ocr_line' id='line_1_38' title="bbox 145 3519 1149 3598; baseline -0.003 -20"><span class='ocrx_word' id='word_1_276' title='bbox 145 3519 279 3596; x_wconf 85' lang='lat' dir='ltr'><strong>fuerunt,</strong></span> <span class='ocrx_word' id='word_1_277' title='bbox 298 3522 336 3580; x_wconf 90' lang='lat' dir='ltr'><strong>iis</strong></span> <span class='ocrx_word' id='word_1_278' title='bbox 353 3522 460 3581; x_wconf 87' lang='lat' dir='ltr'><strong>insulis</strong></span> <span class='ocrx_word' id='word_1_279' title='bbox 480 3543 549 3582; x_wconf 85' lang='lat' dir='ltr'><strong>sese</strong></span> <span class='ocrx_word' id='word_1_280' title='bbox 568 3524 808 3597; x_wconf 82' lang='lat' dir='ltr'><strong>occultaverunt,</strong></span> <span class='ocrx_word' id='word_1_281' title='bbox 829 3542 905 3598; x_wconf 87' lang='lat' dir='ltr'><strong>quas</strong></span> <span class='ocrx_word' id='word_1_282' title='bbox 919 3529 1013 3581; x_wconf 85' lang='lat' dir='ltr'><strong>aestus</strong></span> <span class='ocrx_word' id='word_1_283' title='bbox 1026 3519 1149 3579; x_wconf 82' lang='lat' dir='ltr'><strong>efficere</strong></span> 
     </span>
     <span class='ocr_line' id='line_1_39' title="bbox 147 3608 1149 3684; baseline -0.004 -20"><span class='ocrx_word' id='word_1_284' title='bbox 147 3613 347 3681; x_wconf 71' lang='lat' dir='ltr'><strong>cenaverunt,</strong></span> <span class='ocrx_word' id='word_1_285' title='bbox 378 3608 464 3666; x_wconf 91' lang='lat' dir='ltr'><strong>multi</strong></span> <span class='ocrx_word' id='word_1_286' title='bbox 488 3629 524 3667; x_wconf 86' lang='lat' dir='ltr'><strong>ex</strong></span> <span class='ocrx_word' id='word_1_287' title='bbox 547 3610 611 3667; x_wconf 89' lang='lat' dir='ltr'><strong>suis</strong></span> <span class='ocrx_word' id='word_1_288' title='bbox 630 3608 741 3667; x_wconf 89' lang='lat' dir='ltr'><strong>finibus</strong></span> <span class='ocrx_word' id='word_1_289' title='bbox 754 3610 871 3684; x_wconf 84' lang='lat' dir='ltr'><strong>egressi</strong></span> <span class='ocrx_word' id='word_1_290' title='bbox 894 3628 926 3666; x_wconf 91' lang='lat' dir='ltr'><strong>se</strong></span> <span class='ocrx_word' id='word_1_291' title='bbox 950 3625 1064 3680; x_wconf 88' lang='lat' dir='ltr'><strong>suaque</strong></span> <span class='ocrx_word' id='word_1_292' title='bbox 1088 3624 1149 3661; x_wconf 93' lang='lat' dir='ltr'><strong>om·</strong></span> 
     </span>
     <span class='ocr_line' id='line_1_40' title="bbox 145 3688 1149 3766; baseline -0.005 -16"><span class='ocrx_word' id='word_1_293' title='bbox 145 3693 196 3750; x_wconf 87' lang='lat' dir='ltr'><strong>nia</strong></span> <span class='ocrx_word' id='word_1_294' title='bbox 219 3692 414 3750; x_wconf 88' lang='lat' dir='ltr'><strong>alienissimis</strong></span> <span class='ocrx_word' id='word_1_295' title='bbox 443 3694 646 3752; x_wconf 89' lang='lat' dir='ltr'><strong>crediderunt.</strong></span> <span class='ocrx_word' id='word_1_296' title='bbox 707 3693 900 3766; x_wconf 79' lang='lat' dir='ltr'><strong>Catuvolcus,</strong></span> <span class='ocrx_word' id='word_1_297' title='bbox 935 3712 989 3749; x_wconf 86' lang='lat' dir='ltr'><strong>rex</strong></span> <span class='ocrx_word' id='word_1_298' title='bbox 1016 3688 1149 3747; x_wconf 87' lang='lat' dir='ltr'><strong>dimidiae</strong></span> 
     </span>
     <span class='ocr_line' id='line_1_41' title="bbox 144 3773 1148 3854; baseline -0.005 -19"><span class='ocrx_word' id='word_1_299' title='bbox 144 3778 240 3854; x_wconf 89' lang='lat' dir='ltr'><strong>partis</strong></span> <span class='ocrx_word' id='word_1_300' title='bbox 252 3779 438 3851; x_wconf 85' lang='lat' dir='ltr'><strong>Eburonum,</strong></span> <span class='ocrx_word' id='word_1_301' title='bbox 464 3780 515 3853; x_wconf 91' lang='lat' dir='ltr'><strong>qui</strong></span> <span class='ocrx_word' id='word_1_302' title='bbox 541 3801 600 3838; x_wconf 86' lang='lat' dir='ltr'><strong>una</strong></span> <span class='ocrx_word' id='word_1_303' title='bbox 623 3801 691 3838; x_wconf 92' lang='lat' dir='ltr'><strong>cum</strong></span> <span class='ocrx_word' id='word_1_304' title='bbox 702 3779 879 3854; x_wconf 81' lang='lat' dir='ltr'><strong>Ambiorige</strong></span> <span class='ocrx_word' id='word_1_305' title='bbox 893 3776 1051 3836; x_wconf 87' lang='lat' dir='ltr'><strong>consilium</strong></span> <span class='ocrx_word' id='word_1_306' title='bbox 1073 3773 1148 3831; x_wconf 90' lang='lat' dir='ltr'><strong>inie-</strong></span> 
     </span>
     <span class='ocr_line' id='line_1_42' title="bbox 145 3859 1151 3940; baseline -0.003 -21"><span class='ocrx_word' id='word_1_307' title='bbox 145 3869 202 3936; x_wconf 90' lang='lat' dir='ltr'><strong>rat,</strong></span> <span class='ocrx_word' id='word_1_308' title='bbox 236 3870 327 3921; x_wconf 84' lang='lat' dir='ltr'><strong>aetate</strong></span> <span class='ocrx_word' id='word_1_309' title='bbox 346 3863 412 3938; x_wconf 83' lang='lat' dir='ltr'><strong>jam</strong></span> <span class='ocrx_word' id='word_1_310' title='bbox 441 3863 617 3940; x_wconf 81' lang='lat' dir='ltr'><strong>confectus,</strong></span> <span class='ocrx_word' id='word_1_311' title='bbox 648 3886 741 3940; x_wconf 91' lang='lat' dir='ltr'><strong>quum</strong></span> <span class='ocrx_word' id='word_1_312' title='bbox 770 3864 906 3922; x_wconf 85' lang='lat' dir='ltr'><strong>laborem</strong></span> <span class='ocrx_word' id='word_1_313' title='bbox 929 3869 981 3918; x_wconf 89' lang='lat' dir='ltr'><strong>aut</strong></span> <span class='ocrx_word' id='word_1_314' title='bbox 1002 3859 1074 3917; x_wconf 93' lang='lat' dir='ltr'><strong>belli</strong></span> <span class='ocrx_word' id='word_1_315' title='bbox 1098 3866 1151 3916; x_wconf 89' lang='lat' dir='ltr'><strong>aut</strong></span> 
     </span>
     <span class='ocr_line' id='line_1_43' title="bbox 145 3945 1149 4026; baseline -0.003 -22"><span class='ocrx_word' id='word_1_316' title='bbox 145 3945 228 4024; x_wconf 83' lang='lat' dir='ltr'><strong>fugae</strong></span> <span class='ocrx_word' id='word_1_317' title='bbox 252 3946 332 4006; x_wconf 84' lang='lat' dir='ltr'><strong>serre</strong></span> <span class='ocrx_word' id='word_1_318' title='bbox 355 3968 416 4006; x_wconf 88' lang='lat' dir='ltr'><strong>non</strong></span> <span class='ocrx_word' id='word_1_319' title='bbox 437 3957 552 4026; x_wconf 85' lang='lat' dir='ltr'><strong>posset,</strong></span> <span class='ocrx_word' id='word_1_320' title='bbox 577 3951 716 4009; x_wconf 89' lang='lat' dir='ltr'><strong>omnibus</strong></span> <span class='ocrx_word' id='word_1_321' title='bbox 734 3951 875 4026; x_wconf 86' lang='lat' dir='ltr'><strong>precibus</strong></span> <span class='ocrx_word' id='word_1_322' title='bbox 895 3946 1065 4004; x_wconf 87' lang='lat' dir='ltr'><strong>detestatus</strong></span> <span class='ocrx_word' id='word_1_323' title='bbox 1077 3945 1149 4001; x_wconf 89' lang='lat' dir='ltr'><strong>Am-</strong></span> 
     </span>
    </p>
   </div>
   <div class='ocr_carea' id='block_1_3' title="bbox 0 0 1346 4456">
    <p class='ocr_par' dir='ltr' id='par_1_5' title="bbox 0 0 1346 4456">
     <span class='ocr_line' id='line_1_44' title="bbox 0 0 1346 4456; baseline 0 0"><span class='ocrx_word' id='word_1_324' title='bbox 0 0 1346 4456; x_wconf 95' lang='lat' dir='ltr'><strong> </strong></span> 
     </span>
    </p>
   </div>
  </div>
 </body>
</html>
