2670 4456
548 288 668 344 LIBER
685 290 719 344 V.
1115 301 1155 358 85

145 483 224 542 hanc
254 481 350 542 affore
376 481 479 542 biduo.
532 482 673 561 Ipsorum
710 503 779 543 esse
809 485 984 560 consilium,
1019 486 1156 546 velintne

146 569 240 646 prius,
265 588 355 644 quam
377 567 496 627 finitimi
519 569 662 644 sentiant,
693 569 818 629 eductos
849 591 886 629 ex
914 572 1050 631 hibernis
1079 573 1156 631 mili-

147 663 195 714 tes
218 661 270 713 aut
293 653 333 713 ad
357 653 533 713 Ciceronem
557 661 610 712 aut
633 654 673 712 ad
694 655 864 715 Labienum
887 657 1048 732 deducere,
1082 678 1155 733 quo-

147 760 213 798 rum
235 739 313 799 alter
334 740 417 799 milia
439 758 585 817 passuum
608 740 728 799 circiter
750 742 786 815 L,
811 742 889 800 alter
910 743 1000 820 paulo
1025 744 1155 822 amplius

149 827 186 884 ab
209 825 247 885 iis
270 825 360 884 absit.
413 824 496 884 Illud
530 844 563 883 se
596 825 734 903 polliceri
762 835 793 885 et
817 827 1017 904 jurejurando
1048 828 1156 888 confir·

147 930 229 970 mare
251 918 352 970 tutum
374 912 433 970 iter
454 929 511 988 per
532 909 608 970 fines
637 910 792 985 daturum;
824 912 906 987 quod
934 933 1025 988 quum
1054 914 1155 989 faciat,

148 1005 178 1055 et
212 996 328 1055 civitati
363 1016 431 1056 sese
466 996 635 1072 consulere,
670 997 751 1072 quod
785 997 921 1056 hibernis
954 999 1089 1074 levetur,
1126 1009 1156 1059 et

149 1081 262 1141 Caesari
284 1101 339 1159 pro
363 1081 430 1159 ejus
453 1081 569 1140 meritis
591 1082 720 1158 gratiam
748 1081 871 1142 referre.
924 1084 992 1143 Hac
1021 1085 1157 1145 oratione

146 1168 252 1226 habita
274 1166 405 1227 discedit
425 1167 591 1226 Ambiorix.
1257 1216 1261 1222 .

231 1251 390 1312 XXVHI.
435 1252 602 1331 Arpinejus
626 1261 656 1311 et
679 1254 801 1329 Junius,
826 1274 893 1329 quae
917 1254 1086 1331 audierant,
1116 1256 1156 1314 ad

148 1338 266 1415 legatos
290 1337 441 1397 deferunt.
487 1338 539 1397 Illi
566 1339 725 1416 repentina
753 1359 786 1398 re
814 1341 1000 1417 perturbati,
1030 1341 1088 1400 etsi
1118 1342 1155 1400 ab

146 1424 235 1482 hoste
265 1443 302 1482 ea
334 1423 525 1498 dicebantur,
560 1431 662 1483 tamen
695 1445 757 1482 non
789 1425 973 1503 negligenda
1002 1427 1155 1485 existima·

147 1510 231 1583 bant,
255 1509 445 1586 maximeque
467 1509 525 1567 hac
547 1529 580 1568 re
602 1511 871 1587 permovebantur,
896 1511 977 1586 quod
1000 1512 1157 1571 civitatem

147 1594 312 1671 ignobilem
335 1601 426 1671 atque
448 1595 593 1653 humilem
615 1595 794 1654 Eburonum
823 1616 879 1655 sua
908 1605 1016 1672 sponte
1043 1599 1156 1675 populo

147 1680 284 1739 Romano
307 1680 423 1738 bellum
445 1678 548 1739 facere
572 1699 677 1738 ausam
700 1681 751 1740 vix
774 1689 841 1739 erat
863 1681 1056 1739 credendum.
1092 1682 1155 1741 Ita-

148 1785 206 1841 que
230 1765 268 1824 ad
292 1766 450 1824 consilium
472 1785 536 1824 rem
559 1765 701 1824 deferunt
722 1786 893 1842 magnaque
915 1767 995 1824 inter
1017 1786 1069 1826 eos
1093 1768 1155 1826 exi-

149 1851 203 1910 stit
235 1851 452 1912 controversia.
508 1851 544 1910 L.
574 1850 800 1928 Aurunculejus
836 1851 1068 1928 compluresque
1102 1854 1155 1912 tri·

148 1936 221 1994 buni
250 1936 381 1995 militum
420 1944 450 1995 et
482 1936 648 2014 primorum
681 1937 821 1996 ordinum
856 1938 1047 1996 centuriones
1080 1938 1156 1997 nihil

148 2029 262 2081 temere
285 2021 436 2098 agendum
457 2041 556 2096 neque
579 2042 616 2080 ex
638 2023 773 2081 hibernis
796 2023 916 2099 injussu
940 2022 1071 2083 Caesaris
1095 2023 1156 2082 dis-

149 2107 316 2166 cedendum
339 2107 554 2166 existimabant
561 2128 567 2180 ;
593 2109 772 2181 quantasvis
801 2110 905 2186 copias
936 2109 1156 2168 Germanorum

149 2193 292 2252 sustineri
329 2212 421 2271 posse
454 2192 577 2251 munitis
611 2194 746 2252 hibernis
780 2194 946 2268 docebant;
988 2215 1054 2253 rem
1087 2213 1155 2252 esse

148 2278 332 2353 testimonie,
356 2278 438 2354 quod
459 2278 588 2355 primum
611 2279 745 2337 hostium
773 2279 918 2355 impetum
949 2279 1053 2338 multis
1076 2279 1155 2337 ultro

148 2363 326 2423 vulneribus
348 2364 441 2423 illatis
464 2362 630 2422 fortissime
653 2364 867 2437 sustinuerint3
901 2383 934 2421 re
957 2362 1157 2422 frumentaria
1195 2414 1197 2416 .

148 2469 210 2508 non
231 2449 343 2527 premi;
378 2449 495 2508 interea
523 2456 553 2508 et
583 2469 620 2506 ex
648 2449 795 2525 proximis
823 2449 958 2507 hibernis
988 2456 1018 2507 et
1047 2470 1064 2507 a
1089 2448 1153 2508 an-
1249 2466 1252 2471 ’

151 2554 220 2594 sare
243 2542 431 2594 conventura
460 2534 616 2608 subsidia3
651 2541 816 2611 postremo,
852 2533 926 2609 quid
960 2553 1029 2594 esse
1059 2535 1157 2594 levius

150 2628 202 2679 aut
224 2620 353 2697 turpius,
378 2640 468 2695 quam
497 2627 620 2678 auctore
652 2620 740 2679 hoste
763 2620 801 2678 de
836 2620 962 2678 summis
992 2622 1085 2679 rebus
1107 2640 1156 2679 ca-

150 2724 224 2782 pere
247 2705 426 2764 consilium?

234 2791 360 2850 XXIX.
408 2789 520 2850 Contra
543 2811 579 2849 ea
600 2791 737 2849 Titurius
760 2811 828 2850 sero
857 2790 993 2850 facturos
1023 2792 1156 2850 clamita-

148 2877 211 2951 bat,
236 2896 328 2952 quum
351 2875 483 2953 majores
505 2896 614 2935 manus
643 2877 778 2936 hostium
811 2876 963 2953 adjunctis
993 2876 1154 2936 Germanis

150 2962 374 3036 convenissent,
399 2969 451 3021 aut
480 2981 570 3036 quum
600 2961 714 3037 aliquid
742 2962 925 3020 calamitatis
953 2962 984 3019 in
1012 2961 1157 3038 proximis

148 3047 284 3106 hibernis
308 3054 392 3105 esset
414 3054 588 3124 acceptum,
613 3048 738 3106 brevem
761 3046 940 3106 consulendi
972 3065 1041 3104 esse
1069 3065 1156 3105 occa·

149 3133 278 3206 sionem3
305 3131 457 3191 Gaesarem
480 3131 620 3191 arbitrari
642 3131 813 3209 profectum
836 3132 867 3189 in
890 3131 1026 3205 Italiam3
1056 3151 1155 3207 neque

150 3217 237 3276 aliter
271 3216 420 3277 Carnutes
447 3215 648 3276 interficiendi
690 3217 827 3294 Tasgetii
862 3217 1021 3276 consilium
1060 3215 1156 3277 fuisse

149 3310 302 3380 capturos,
331 3323 429 3379 neque
463 3303 633 3376 Eburones,
668 3302 695 3360 si
726 3303 777 3361 ille
811 3302 943 3379 adesset,
974 3310 1060 3362 tanta
1089 3323 1157 3362 cum

47 3409 51 3414 ·
127 3388 375 3466 'contemptione
402 3389 500 3448 nostri
530 3387 569 3446 ad
597 3394 699 3446 castra
729 3396 874 3448 venturos
904 3407 986 3463 esse,
1020 3409 1081 3448 non
1103 3389 1156 3449 ho·

149 3480 227 3534 stem
261 3481 425 3548 auctorem,
460 3472 516 3532 sed
549 3493 614 3532 rem
648 3478 802 3550 spectare
839 3476 965 3533 subesse
999 3474 1154 3544 Rhenum3

148 3579 258 3636 magno
282 3578 351 3618 esse
375 3558 535 3617 Germanis
559 3558 656 3617 dolori
678 3558 826 3619 Ariovisti
849 3567 977 3618 mortem
1007 3567 1038 3617 et
1066 3578 1155 3635 supe·

148 3645 245 3704 riores
267 3651 389 3703 nostras
412 3644 572 3718 victorias;
606 3643 713 3702 ardere
738 3644 869 3704 Galliam
891 3651 937 3703 tot
966 3643 1156 3702 contumeliis

149 3730 284 3808 acceptis
314 3730 371 3789 sub
393 3729 499 3806 populi
526 3729 658 3788 Romani
687 3729 848 3807 imperium
876 3729 1032 3787 redactam
1066 3747 1155 3804 supe·

102 3823 106 3828 '
147 3816 227 3874 riore
254 3815 352 3892 gloria
373 3814 418 3872 rei
437 3810 586 3891 ¹militaris
610 3815 753 3873 extincta.
795 3815 964 3888 Postrem0,
1001 3813 1069 3888 quis
1098 3813 1156 3871 hoc

149 3901 208 3959 sibi
236 3898 453 3979 persuaderet,
489 3899 554 3958 sine
588 3906 671 3958 certa
703 3919 737 3958 re
763 3899 973 3975 Ambiorigem
1007 3898 1045 3956 ad
1076 3898 1155 3975 ejus·

149 3985 231 4045 modi
253 3985 411 4045 consilium
435 3983 652 4044 descendisse?
698 3983 791 4057 Suam
808 3984 1155 4043 sententiaminutram·
