2670 4456
480 242 533 296 DE
551 242 678 297 BELLO
697 242 867 298 GALLICO

503 1123 683 1207 LIBER
714 1121 822 1203 VIII.

165 1239 305 1359 Gcaetus
329 1300 461 1359 assiduis
483 1299 545 1358 tuis
567 1299 704 1373 vocibus,
728 1298 841 1367 Balbe,
872 1318 964 1373 quum
993 1298 1172 1374 quotidiana

164 1407 233 1445 mea
254 1386 405 1444 recusatio
428 1405 489 1444 non
518 1383 709 1443 difficultatis
739 1384 980 1459 excusationem,
1011 1384 1068 1442 sed
1088 1383 1169 1442 iner-

104 1466 108 1473 ’
162 1473 214 1531 tiae
243 1471 398 1531 videretur
431 1471 675 1549 deprecationem
702 1471 832 1545 habere,
863 1469 1075 1529 difficillimam
1104 1489 1170 1528 rem

163 1557 294 1634 suscepi.
342 1555 474 1616 Caesaris
502 1557 600 1616 nostri
628 1556 860 1615 commentarios
889 1563 1171 1632 rerumgestarum

164 1640 293 1716 [Calliae]
317 1664 378 1702 non
401 1643 624 1703 cohaenentibus
648 1642 855 1720 superioribus
884 1649 976 1717 atque
1004 1642 1168 1716 insequen-

161 1731 244 1789 tibus
269 1729 336 1806 ejus
359 1730 482 1807 scriptis
507 1729 644 1788 contexui
668 1728 929 1803 novissimumque
956 1727 1172 1805 imperfectum

163 1818 201 1875 ab
235 1816 328 1874 rebus
362 1817 459 1892 gestis
481 1815 675 1875 Alexandria
711 1812 829 1872 confeci
862 1833 959 1889 usque
994 1814 1034 1873 ad
1057 1813 1172 1873 exitum

162 1921 223 1960 non
247 1900 369 1976 quidem
392 1901 491 1961 civilis
515 1901 723 1976 dissensionis,
748 1900 838 1976 eujus
868 1898 959 1958 finem
986 1899 1103 1958 nullum
1126 1900 1171 1959 vi-

166 1987 284 2061 demus,
314 1986 370 2045 sed
404 1987 475 2047 vitae
512 1986 652 2046 Caesaris.
717 1985 800 2057 Quos
829 1986 944 2044 utinam
975 1985 1027 2061 qui
1054 1985 1168 2062 legent,

165 2073 243 2131 scire
265 2072 394 2149 possint,
419 2092 509 2147 quam
530 2073 643 2132 invitus
667 2072 852 2149 susceperim
883 2071 1077 2146 scribendos
1108 2091 1167 2146 quo

164 2158 286 2218 facilius
309 2178 428 2216 caream
450 2159 588 2217 stultitiae
614 2165 705 2233 atque
735 2158 917 2234 arrogantiae
946 2157 1085 2232 crimine,
1116 2157 1168 2231 qui

164 2265 212 2304 me
256 2243 365 2303 mediis
408 2244 641 2323 interposuerim
681 2243 811 2303 Caesaris
850 2244 982 2320 scriptis.
1041 2242 1170 2301 Constat

165 2331 244 2390 enim
270 2331 350 2389 inter
378 2351 482 2390 omnes
510 2331 585 2389 nihil
612 2337 675 2390 tam
704 2349 831 2407 operose
854 2331 892 2387 ab
917 2330 984 2388 aliis
1008 2348 1076 2388 esse
1099 2349 1169 2405 per-

166 2416 290 2491 fectum,
322 2416 404 2491 quod
425 2437 486 2475 non
508 2417 615 2475 horum
637 2416 788 2492 elegantia
811 2415 1094 2474 commentariorum
1117 2435 1168 2472 su-

151 2509 301 2580 ‘peretur5
331 2503 383 2577 qui
416 2509 488 2561 sunt
522 2503 609 2577 editi,
643 2522 682 2561 ne
716 2502 844 2560 scientia
877 2508 1031 2561 tantarum
1067 2520 1170 2558 rerum

166 2588 365 2666 scriptoribus
389 2587 519 2662 deesset,
544 2588 679 2664 adeoque
701 2588 869 2666 probantur
892 2587 1023 2646 emnium
1041 2585 1169 2662 judicie,

166 2681 201 2732 ut
223 2679 385 2750 praerepta,
419 2694 481 2732 non
513 2675 643 2752 praebita
675 2673 807 2732 facultas
842 2673 1043 2752 scriptoribus
1065 2672 1170 2731 videa-

167 2766 225 2817 tur.
283 2757 379 2833 Cujus
412 2766 515 2818 tamen
547 2760 592 2818 rei
624 2759 722 2836 major
743 2766 850 2818 nostra
871 2779 962 2834 quam
983 2758 1170 2833 reliquorum

167 2852 215 2903 est
237 2843 409 2902 admiratio:
434 2845 528 2904 ceteri
551 2845 639 2920 enim,
663 2846 853 2920 quambene
882 2852 974 2920 atque
998 2843 1168 2917 emendate,

166 2949 223 2988 nos
257 2930 357 3002 etiam,
392 2951 482 3005 qnam
504 2930 594 2990 facile
618 2938 709 3006 atque
744 2931 883 2990 celeriter
912 2950 964 2990 eos
992 2928 1168 3007 perfecerit,

168 3016 290 3074 scimus.
345 3015 421 3074 Erat
456 3025 557 3076 autem
589 3018 620 3076 in
644 3016 766 3076 Caesare
795 3037 887 3092 quum
915 3016 1047 3075 facultas
1076 3023 1169 3090 atque

167 3101 317 3177 elegantia
339 3120 455 3161 summa
478 3103 640 3178 scribendi,
669 3112 732 3161 tum
762 3103 921 3162 verissima
950 3101 1077 3161 seientia
1100 3120 1170 3159 suo-

167 3207 234 3245 rum
257 3187 448 3247 consiliorum
472 3189 727 3267 explicandorum.
772 3188 848 3246 Mihi
876 3209 914 3247 ne
942 3187 1018 3246 illud
1048 3186 1172 3263 quidem

164 3271 283 3337 accidit,
318 3280 352 3330 ut
384 3273 591 3335 Alexandrino
627 3282 718 3350 atque
739 3273 885 3333 Africano
926 3273 1007 3333 bello
1040 3273 1171 3332 interes-

168 3377 247 3431 sem;
272 3376 340 3432 quae
362 3359 443 3418 bella
465 3381 636 3437 quanquam
659 3368 804 3438 exparte
831 3361 920 3419 nobis
944 3359 1076 3419 Caesaris
1105 3377 1168 3416 ser-

168 3463 258 3502 mone
281 3450 352 3502 sunt
373 3452 455 3520 nota,
485 3453 588 3506 tamen
616 3447 704 3506 aliter
727 3447 866 3505 audimus
890 3467 940 3520 ea,
970 3464 1038 3521 quae
1068 3463 1171 3502 rerum

167 3529 301 3589 novitate
335 3538 388 3588 aut
423 3531 619 3592 admiratione
652 3552 709 3591 nos
737 3533 869 3610 capiunt,
901 3532 988 3592 aliter
1016 3550 1083 3606 quae
1114 3549 1170 3606 pro

168 3615 341 3674 testimonio
365 3636 470 3676 sumus
494 3617 612 3676 dicturi.
659 3617 720 3676 Sed
748 3638 804 3694 ego
832 3618 982 3693 nimirum,
1013 3616 1084 3675 dum
1108 3635 1170 3673 om-

168 3721 224 3760 nes
247 3703 451 3762 excusationis
475 3723 584 3763 causas
613 3704 738 3780 colligo,
761 3724 800 3763 ne
829 3724 897 3763 eum
922 3703 1044 3763 Caesare
1067 3699 1171 3760 confe-

168 3808 228 3863 rar,
251 3789 308 3846 hoc
330 3788 397 3865 ipso
421 3789 534 3849 crimen
558 3790 739 3867 arrogantiae
769 3792 880 3866 subeo,
910 3789 992 3865 quod
1020 3808 1068 3846 me
1087 3785 1170 3862 judi·

169 3873 215 3931 cio
250 3873 430 3949 cujusquam
464 3876 634 3936 existimem
665 3895 757 3953 posse
791 3896 859 3935 cum
895 3875 1015 3935 Caesare
1049 3892 1171 3949 compa-

168 3958 239 4016 rari.
283 3959 369 4018 Vale.
