2670 4456
470 277 523 332 ua
535 232 667 331 ¹atriano
686 276 855 332 emmoo

521 1053 703 1135 LIBsR
734 1055 802 1135 ΠΙ.

163 1204 272 1320 Quum
294 1246 326 1304 in
353 1244 475 1304 Italiam
502 1243 746 1321 proficisceretur
776 1243 894 1317 Caesar,
924 1244 1063 1305 Servium
1091 1246 1162 1304 Gal-

159 1339 232 1396 bam
255 1351 324 1390 cum
345 1331 464 1408 legione
487 1328 666 1388 duodecima
688 1336 719 1389 et
740 1336 828 1407 parte
851 1331 1004 1405 equitatus
1026 1331 1056 1389 in
1080 1331 1162 1391 Nan-

56 1441 61 1462 ··
160 1424 273 1493 tuales,
297 1417 451 1493 Veragros
475 1414 673 1490 Sedunosque
702 1416 794 1491 misit,
824 1416 876 1491 qui
905 1416 1055 1476 afinibus
1078 1417 1162 1477 Allo-

160 1509 290 1580 brogum
314 1509 344 1561 et
366 1504 435 1562 lacu
457 1501 612 1560 Lemanno
636 1508 667 1560 et
693 1500 815 1560 flumine
843 1502 991 1561 Rhodano
1021 1502 1060 1561 ad
1083 1523 1163 1562 sum-

161 1611 228 1651 mas
250 1589 346 1666 Alpes
379 1588 541 1666 pertinent.
599 1586 699 1646 Causa
731 1587 871 1646 mittendi
904 1586 972 1664 fuit,
1002 1588 1083 1663 quod
1105 1590 1164 1648 iter

162 1697 218 1756 per
239 1675 345 1751 Alpes,
380 1693 438 1749 quo
472 1693 581 1750 magno
616 1693 684 1732 cum
716 1673 850 1750 periculo
883 1675 1062 1750 magnisque
1096 1695 1164 1734 cum

162 1760 306 1841 portoriis
339 1766 523 1818 mercatores
557 1760 601 1818 ire
635 1766 826 1834 consuerant,
859 1759 997 1837 patefieri
1030 1761 1162 1820 volebat.
1215 1805 1217 1809 η

162 1849 243 1908 Huic
265 1845 412 1924 permisit,
436 1846 464 1904 si
487 1864 563 1922 opus
587 1863 655 1903 esse
678 1845 886 1921 arbitraretur,
909 1846 955 1904 uti
975 1846 1006 1904 in
1028 1846 1066 1904 iis
1088 1847 1164 1906 locis

162 1934 313 2010 legionem
345 1929 498 1989 hiemandi
531 1950 623 1989 causa
657 1931 827 1989 collocaret.
889 1930 989 1990 Galba
1022 1932 1163 1991 secundis

165 2019 280 2094 aliquot
312 2016 428 2094 proeliis
468 2014 557 2074 factis
593 2016 787 2091 castellisque
824 2017 1028 2094 compluribus
1062 2036 1165 2076 eorum

165 2102 356 2181 expugnatis,
379 2101 481 2160 missis
504 2101 543 2160 ad
566 2120 633 2160 eum
654 2101 787 2176 undique
809 2102 918 2180 legatis
947 2103 1164 2179 obsidibusque

166 2190 246 2250 datis
269 2195 300 2248 et
321 2207 397 2266 pace
419 2185 502 2246 facta
525 2188 681 2246 constituit
704 2188 843 2247 cohortes
871 2189 948 2247 duas
975 2189 1007 2246 in
1028 2189 1164 2249 Nantua-

164 2277 247 2335 tibus
281 2274 430 2334 collocare
464 2279 495 2332 et
526 2273 593 2350 ipse
626 2293 694 2332 oum
726 2274 851 2348 reliquis
875 2273 941 2350 ejus
959 2274 1090 2352 legionis
1114 2295 1163 2334 co-

164 2361 303 2421 hortibus
324 2361 356 2418 in
378 2359 445 2421 vico
468 2359 682 2436 Veragrorum,
714 2360 765 2434 qui
787 2360 959 2437 appellatur
981 2359 1165 2436 Octodurus

164 2448 312 2519 hiemare,
349 2445 401 2521 qui
435 2444 531 2518 vicus,
566 2445 685 2523 positus
718 2445 749 2503 in
780 2446 869 2521 valle,
897 2466 958 2505 non
980 2466 1091 2523 magna
1113 2447 1164 2505 ad·

161 2533 246 2609 jecta
279 2531 422 2609 planitie,
458 2530 596 2590 altisimis
630 2531 784 2590 montibus
817 2531 950 2607 undique
984 2532 1164 2612 continetur.

167 2617 266 2688 Quum
288 2617 337 2675 hic
360 2617 390 2674 in
415 2615 491 2674 duas
520 2623 624 2693 partes
652 2615 774 2675 flumine
803 2616 1003 2693 divideretur,
1039 2617 1166 2677 alteram

165 2711 283 2781 partem
311 2701 377 2778 ejus
405 2702 465 2760 vici
494 2701 591 2760 Gallis
620 2698 669 2773 [ad
695 2701 897 2775 hiemandum]
932 2704 1093 2779 concessit,
1122 2704 1165 2763 al-

165 2796 261 2847 teram
283 2806 411 2847 vacuam
433 2787 470 2844 ab
493 2787 532 2845 iis
554 2787 691 2845 relictam
713 2787 887 2847 cohortibus
911 2789 1057 2848 attribuit.
1086 2790 1166 2848 Eum

165 2874 265 2933 locum
286 2873 366 2932 vallo
388 2870 532 2947 fossaque
554 2872 691 2932 munivit.

252 2960 296 3018 II.
343 2957 444 3030 Quum
466 2957 532 3016 dies
554 2957 747 3017 hibernorum
776 2959 945 3036 complures
973 2961 1165 3037 transissent,

166 3045 409 3119 frumentumque
433 3063 467 3102 eo
497 3044 678 3121 comportari
708 3044 871 3120 jussisset,
902 3046 1002 3104 subito
1030 3067 1086 3124 per
1114 3066 1165 3104 ex-

165 3132 335 3209 ploratores
364 3129 474 3188 certior
501 3127 603 3188 factus
626 3136 688 3203 est,
725 3151 762 3189 ex
790 3150 826 3190 ea
852 3138 939 3208 parte
965 3131 1040 3206 vici,
1076 3153 1166 3207 quam

168 3217 265 3275 Gallis
289 3223 493 3290 concesserat,
517 3234 620 3274 omnes
648 3222 740 3275 noctu
768 3216 949 3275 discessisse
976 3225 1164 3294 montesque,

168 3302 220 3377 qui
251 3299 470 3378 impenderent,
506 3322 524 3360 a
551 3301 682 3360 maxima
709 3301 901 3360 multitudine
924 3301 1113 3361 Sedunorum
1136 3311 1167 3363 et

163 3387 370 3463 Veragrorum
391 3386 497 3445 teneri.
542 3387 581 3445 Id
603 3387 718 3463 aliquot
741 3387 779 3446 de
804 3387 904 3446 causis
934 3388 1102 3462 acciderat,
1132 3397 1166 3448 ut

167 3472 268 3532 subito
303 3472 385 3531 Galli
417 3471 490 3530 belli
528 3472 696 3532 renovandi
733 3473 921 3550 legionisque
960 3473 1166 3551 opprimendae

166 3558 325 3618 consilium
369 3565 526 3634 caperent:
572 3558 711 3636 primum,
756 3557 836 3633 quod
878 3559 1028 3636 legionem
1067 3580 1167 3636 neque

168 3665 233 3703 eam
260 3643 467 3722 plenissimam
500 3642 645 3703 detractis
677 3644 852 3703 cohortibus
883 3645 1002 3704 duabus
1033 3652 1063 3703 et
1086 3666 1167 3705 com-

165 3730 305 3808 pluribus
329 3728 514 3806 singillatim,
538 3730 589 3804 qui
613 3738 797 3789 commeatus
818 3729 943 3807 petendi
966 3750 1059 3789 causa
1080 3732 1167 3792 missi

167 3823 262 3890 erant,
286 3814 463 3874 absentibus
485 3821 611 3892 propter
637 3816 821 3893 paucitatem
850 3816 1072 3894 despiciebant;
1102 3825 1168 3876 tum

167 3901 273 3974 etiam,
308 3898 390 3976 quod
422 3908 547 3978 propter
579 3900 768 3975 iniquitatem
801 3902 875 3977 loci,
911 3922 1003 3977 quum
1035 3903 1095 3980 ipsi
1129 3923 1167 3962 ex

167 3986 320 4045 montibus
342 3986 374 4044 iu
396 3986 507 4045 vallem
530 3984 728 4045 decurrerent
755 3994 786 4046 et
813 3988 875 4046 tela
903 3986 1104 4064 conjicerent,
1128 4010 1188 4051 ne.
