2670 4456
534 277 657 331 LIBER
675 278 740 332 Vll.
1095 290 1155 346 135

150 469 235 530 caede
257 468 441 547 profugisse.
489 470 687 531 Conclamant
710 472 823 531 Haedui
847 480 876 531 et
899 475 1072 534 Litavicum
1102 476 1154 533 ob-

152 564 283 630 secrant,
306 562 341 613 ut
362 557 421 614 sibi
443 557 591 616 consulat.
639 557 733 628 Quasi
756 578 837 633 vero,
860 559 959 634 inquit
987 560 1053 633 ille,
1084 579 1154 619 con·

151 641 211 699 silii
233 642 274 700 sit
294 660 416 716 res,*ac
438 662 499 700 non
526 661 654 702 necesse
683 643 723 701 sit
751 644 838 702 nobis
869 643 1054 721 Gergoviam
1083 665 1154 704 con-

152 727 275 786 tendere
299 733 330 785 et
353 747 422 785 cum
444 726 592 787 Arvernis
614 736 735 787 nosmet
758 728 952 806 conjungere.
998 732 1047 789 An
1067 730 1153 789 dubi-

152 821 259 888 tamus,
284 813 358 888 quin
380 811 496 872 nefario
528 812 664 872 facinore
699 813 831 873 admisso
855 815 984 874 Romani
1015 816 1081 892 jam
1115 817 1154 875 ad

151 918 207 957 nos
229 897 455 958 interficiendos
478 899 679 958 concurrant?
725 900 865 973 Proinde,
890 901 917 958 si
940 901 1013 975 quid
1040 902 1070 959 in
1100 922 1153 960 no·

152 985 199 1042 bis
223 984 313 1042 animi
337 991 394 1058 est,
418 1004 637 1061 persequamur
660 1004 764 1044 eorum
775 992 912 1060 mortem,
933 987 984 1060 qui
1007 985 1153 1062 indignis-

152 1070 226 1128 sime
237 1069 427 1145 interierunt,
451 1077 541 1144 atque
560 1063 618 1129 hos
631 1071 765 1129 latrones
776 1069 1003 1129 interficiamus.
1039 1071 1149 1130 Osten-

152 1155 197 1213 dit
218 1155 301 1214 cives
313 1155 476 1229 Romanos,
501 1156 552 1230 qui
575 1155 641 1232 ejus
664 1155 800 1232 praesidii
827 1155 940 1215 fiducia
967 1177 1027 1215 una
1055 1166 1151 1216 erant.

152 1239 301 1298 Continuo
324 1261 466 1317 magnum
489 1261 646 1299 numerum
669 1240 812 1300 frumenti
837 1250 1084 1317 commeatusque
1107 1243 1150 1300 di-

150 1325 230 1403 ripit,
253 1326 337 1403 ipsos
361 1325 525 1384 crudeliter
548 1327 736 1385 excruciatos
764 1326 923 1401 interficit,
949 1328 1071 1387 nuntios
1090 1334 1154 1386 tota

150 1411 277 1470 civitate
300 1409 489 1470 Haeduorum
518 1412 651 1487 dimittit,
681 1412 786 1471 eodem
816 1413 973 1472 mendacio
1002 1413 1040 1472 de
1069 1413 1153 1472 caede

152 1497 287 1571 equitum
310 1503 340 1555 et
362 1497 532 1575 principum
555 1504 713 1575 permovet
720 1519 726 1572 3
751 1498 898 1572 hortatur,
923 1507 957 1558 ut
987 1499 1077 1558 simili
1104 1520 1152 1558 ra·

151 1582 242 1657 tione,
267 1588 358 1657 atque
380 1583 447 1660 ipse
470 1582 586 1658 iecerit,
611 1603 682 1641 suas
705 1583 833 1659 injurias
856 1592 1091 1660 persequantur.

236 1667 393 1726 XXXIX.
439 1668 630 1746 Eporedorix
651 1668 801 1743 Haeduus,
825 1689 942 1728 summo
973 1670 1038 1728 loco
1062 1677 1152 1728 natus

149 1754 330 1813 adolescens
354 1760 385 1812 et
408 1774 532 1813 summae
556 1754 636 1813 domi
659 1754 819 1832 potentiae,
844 1762 875 1812 et
897 1775 957 1813 una
980 1754 1151 1814 Viridoma-

150 1859 213 1915 rus,
236 1840 303 1917 pari
326 1847 416 1899 aetate
440 1847 470 1898 et
491 1840 599 1917 gratia,
624 1840 679 1899 sed
701 1860 812 1916 genere
832 1840 957 1917 dispari,
982 1859 1073 1916 quem
1086 1839 1151 1899 Cae·

151 1927 261 1984 sarab
285 1925 437 1989 Divitiaco
461 1926 519 1984 sibi
542 1924 688 1984 traditum
711 1946 748 1985 ex
771 1926 875 1985 humili
903 1927 969 1986 loco
999 1926 1038 1985 ad
1069 1946 1166 1984 sum.
1192 1962 1194 1967 -

149 2032 230 2069 mam
253 2011 432 2088 dignitatem
448 2011 642 2088 perduxerat,
660 2012 691 2070 in
709 2012 844 2087 equitum
861 2033 986 2072 nurnero
1000 2032 1150 2072 convene-

150 2106 221 2155 rant
242 2097 417 2156 nominatim
445 2098 483 2155 ab
512 2117 547 2156 eo
579 2098 706 2158 euocati.
759 2099 817 2156 His
849 2107 914 2157 erat
941 2100 1020 2156 inter
1051 2118 1084 2156 se
1113 2096 1151 2156 de

152 2183 323 2260 principatu
347 2183 509 2257 contentio,
538 2191 570 2241 et
591 2182 623 2240 in
644 2183 697 2241 illa
719 2184 953 2260 magistratuum
977 2191 1151 2242 controver-

152 2269 198 2327 sia
220 2269 297 2327 alter
318 2289 373 2346 pro
387 2267 629 2343 Convictolitavi,
654 2269 731 2327 alter
759 2289 813 2345 pro
840 2267 914 2326 Coto
938 2268 1064 2327 summis
1088 2267 1151 2344 opi-

151 2355 210 2413 bus
232 2361 452 2432 pugnaverant.
499 2354 546 2411 Ex
574 2354 622 2411 his
651 2352 841 2430 Eporedorix
877 2353 997 2429 cognito
1020 2352 1154 2412 Litavici

75 2472 79 2479 ·
152 2440 278 2498 consilio
301 2438 402 2498 media
423 2438 489 2498 fere
512 2445 601 2497 nocte
624 2459 689 2497 rem
708 2439 748 2496 ad
761 2437 913 2497 Oaesarem
936 2437 1049 2512 defert,
1076 2445 1152 2512 crat,

149 2545 190 2583 ne
212 2525 345 2602 patiatur
373 2525 527 2585 civitatem
555 2525 659 2602 pravis
683 2524 921 2583 adolescentium
950 2522 1084 2582 consiliis
1115 2524 1152 2582 ab

152 2611 285 2670 amicitia
318 2611 423 2688 populi
445 2610 575 2669 Romani
609 2609 748 2685 deficere,
784 2609 866 2686 quod
893 2608 1031 2668 futurum
1052 2609 1153 2686 provi-

151 2696 233 2771 deat,
258 2696 284 2755 si
307 2717 340 2755 se
363 2703 409 2754 tot
431 2696 585 2755 hominum
607 2695 690 2754 milia
719 2717 787 2754 cum
816 2695 956 2754 hostibus
986 2695 1151 2771 conjunxe-

152 2782 221 2856 rint,
246 2802 373 2857 quorum
396 2783 526 2842 salutem
548 2801 645 2857 neque
668 2782 830 2859 propinqui
852 2780 1021 2857 negligere,
1052 2800 1151 2855 neque

151 2868 261 2926 civitas
283 2868 345 2929 levi
366 2876 518 2927 momento
542 2868 694 2926 aestimare
716 2873 831 2944 posset.
912 2919 916 2926 .

188 2979 189 2983 ¹
239 2953 307 3012 XL.
353 2954 467 3030 Magna
479 2951 609 3012 affectus
622 2950 826 3010 sollicitudine
843 2951 900 3009 hoc
918 2950 1023 3008 nuntio
1038 2949 1153 3023 Caesar,

151 3039 235 3113 quod
263 3058 385 3116 semper
418 3039 606 3097 Haeduorum
641 3037 757 3097 civitati
785 3036 940 3114 praecipue
970 3034 1151 3108 indulserat,

152 3125 236 3183 nulla
257 3124 438 3201 interposita
462 3123 651 3182 dubitatione
674 3123 810 3199 legiones
832 3119 990 3197 expeditas
1012 3126 1156 3196 quattuor

154 3209 382 3286 equitatumque
406 3229 523 3268 omnem
541 3222 584 3267 ex
607 3208 717 3266 castris
735 3206 847 3281 educit,
871 3225 927 3264 nec
945 3204 1004 3264 fuit
1022 3205 1156 3283 spatium

152 3296 208 3353 tali
229 3304 366 3373 tempore
390 3295 429 3354 ad
459 3293 665 3354 contrahenda
693 3299 803 3367 castra,
828 3292 910 3366 quod
936 3291 1103 3370 resposita
1124 3292 1157 3350 in

152 3382 309 3440 celeritate
326 3381 496 3441 videbatur.
523 3379 559 3438 Gr.
581 3380 711 3438 Fabium
732 3378 868 3454 legatum
891 3397 960 3436 cum
981 3377 1156 3454 legionibus

153 3466 274 3526 duabus
297 3467 407 3526 castris
430 3466 573 3544 praesidio
597 3464 750 3539 relinquit.
775 3464 901 3522 Fratres
914 3463 1046 3523 Litavici
1059 3483 1151 3539 quum

154 3552 370 3630 comprehendi
388 3551 545 3628 jussisset,
569 3550 659 3628 paulo
684 3556 754 3608 ante
777 3549 892 3626 reperit
909 3548 948 3607 ad
958 3549 1063 3606 hostes
1080 3567 1152 3623 pro·

152 3636 281 3715 fugisse.
326 3637 517 3696 Adhortatus
539 3636 661 3710 milites,
685 3655 724 3694 ne
745 3634 920 3694 necessario
951 3640 1086 3709 tempore
1109 3631 1156 3689 iti-

154 3725 236 3783 neris
269 3724 374 3783 labore
407 3728 651 3800 permoveantur,
688 3719 893 3798 cupidissimis
924 3717 1064 3775 omnibus
1086 3736 1156 3793 pro-

154 3829 280 3885 gressus
302 3809 385 3867 milia
406 3827 553 3886 passuum
574 3804 678 3882 XXV,
698 3825 806 3883 agmen
823 3802 1012 3862 Haeduorum
1036 3802 1157 3879 conspi-

155 3902 252 3970 catus,
276 3894 412 3953 immissc
442 3893 579 3968 equitatu
606 3892 665 3950 iter
693 3911 798 3950 eorum
826 3894 961 3946 moratur
989 3894 1080 3962 atquc
1102 3887 1158 3945 im·

154 3981 240 4057 pedit
267 3979 481 4054 interdicitque
510 3977 659 4052 omnibus,
682 3997 721 4035 ne
750 3993 932 4050 quemquam
960 3971 1156 4032 interficiant.
